3442 5134
771 335 903 408 ρος
951 385 991 392 -

261 522 404 608 Philisti3
428 524 520 606 XIII,
545 524 598 606 54,
619 530 652 607 53
683 527 736 606 60,
757 532 790 606 ῶς
815 526 869 607 80,
886 530 919 607 53
943 523 1029 603 XIV,
1055 527 1142 606 54,e
1166 524 1287 591 Timaei
1309 529 1344 591 et
1367 525 1500 611 Ephori3

261 631 355 713 XIII,
386 636 465 714 109,
495 639 513 696 2
536 630 655 699 Timaei
684 636 718 698 et
741 636 848 715 τινῶν;
877 631 953 715 XX,
984 635 1026 699 89
1051 631 1172 698 Timaei
1199 638 1232 698 et
1254 634 1355 697 ἐνίων.
1392 634 1430 698 ln
1452 637 1502 698 tot

261 742 422 829 tantisque
445 742 665 828 discrepantiis
681 739 911 827 Volquardseni
935 741 1103 827 explicatio
1128 743 1213 807 omni
1236 741 1328 807 modo
1344 742 1502 808 reicienda

261 850 339 915 mihi
363 849 501 931 videtum
526 849 624 931 alium
647 848 830 916 historicum
855 852 875 914 a
898 849 1037 916 Diodoro
1060 849 1237 915 adhibitum
1261 870 1329 916 esse
1353 851 1416 915 iam
1440 871 1502 915 non

261 960 371 1042 negari
405 962 512 1046 potest
546 964 642 1045 atque
677 958 718 1023 ad
734 957 869 1027 ‚Holmii
898 959 1109 1024 coniecturam
1137 957 1228 1023 illam
1256 957 1502 1023 confirmandam

262 1066 414 1134 nonnulla
438 1066 502 1132 alia
525 1087 648 1153 quoque
672 1069 859 1150 argumenta
882 1064 975 1132 facile
999 1071 1164 1151 apparent.

353 1175 402 1241 De
420 1174 627 1241 Timoleontis
647 1173 753 1258 legum
777 1174 905 1240 datione
933 1174 1052 1240 duobus
1080 1173 1159 1241 locis
1188 1174 1362 1240 aDiodoro
1390 1175 1502 1260 exponi

262 1288 358 1371 atque
387 1285 434 1350 ita
461 1288 497 1350 ut
524 1284 588 1349 alio
612 1283 710 1348 alium
733 1286 894 1350 auctorem
918 1284 1109 1369 exscriptum
1132 1303 1200 1349 esse
1224 1284 1426 1348 manifestum
1450 1284 1502 1364 sit,

262 1390 426 1459 Holmiurn
448 1413 572 1479 quoque
595 1392 711 1475 fugisse
735 1392 869 1459 videtur.
917 1391 999 1458 Sunt
1022 1393 1105 1457 enim
1128 1391 1161 1456 hi
1185 1390 1245 1457 duo
1268 1390 1344 1457 loci:

352 1520 378 1567 c.
397 1503 486 1583 lus
508 1500 610 1575 εὐθὺς
632 1500 667 1564 δί
689 1500 743 1564 καί
765 1512 982 1586 νομογραφείν
1003 1499 1119 1585 ἤρξατο
1144 1500 1244 1574 τιθεὶς
1259 1499 1504 1586 δημοκρατικοὺς

262 1606 377 1693 νόμους
410 1608 463 1672 καί
497 1610 537 1673 τὰ
572 1609 647 1696 περὶ
675 1614 737 1673 τῶν
763 1609 927 1674 ἰδιωτικῶν
955 1609 1157 1691 συμβολαίων
1183 1609 1292 1673 δίκαια
1319 1609 1373 1672 καί
1400 1607 1502 1672 τᾶλλα

261 1716 396 1802 ἀκριβῶς
418 1717 541 1793 διέταξε
563 1717 629 1781 κτλ.

352 1845 377 1892 c.
403 1827 456 1907 82,
481 1831 514 1889 6:
549 1822 651 1900 τίιθὺς
684 1825 719 1889 δὲ
746 1825 799 1889 καί
827 1827 899 1899 τούς
926 1822 1197 1910 προῦπάρχοντας
1230 1824 1344 1909 νόμους
1371 1826 1407 1890 έν
1436 1836 1504 1900 ταίς

211 1990 219 2005 s
260 1933 476 2020 Συρακούσαις
502 1931 557 2008 οὓς
579 1938 780 2019 συνέγραψεν
802 1932 939 2018 Διοκλῆς
960 1931 1133 2018 διῶρθωσε.
1179 1934 1233 1996 καί
1257 1933 1328 2009 τοὺς
1349 1935 1409 2017 μὲν
1431 1932 1505 2020 περί

263 2044 325 2106 τῶν
352 2041 517 2106 ἰδιωτικῶν
544 2042 746 2124 συμβολαίων
768 2027 1025 2125 ἢ“κληρονομιῶν
1051 2043 1157 2104 εἴασεν
1179 2042 1409 2124 ἀμεταθέτους,
1433 2041 1505 2116 τοὺς

261 2149 297 2213 δί
326 2150 400 2236 περὶ
423 2154 485 2214 τῶν
507 2150 664 2235 δημοσίων
692 2151 1002 2233 νενομοθετημένους
1029 2149 1110 2234 πρὸς
1138 2151 1193 2234 τὴν
1220 2150 1306 2213 ἰδίαν
1329 2148 1506 2215 ὑπόστασιν

261 2253 303 2344 ὧς
325 2260 400 2322 ποτ’
423 2254 522 2322 έδόκει
546 2262 718 2344 συμφέρειν
740 2255 934 2342 διῶρθωσον.
970 2254 1138 2343 ἐπιστάτης
1158 2257 1189 2321 δ’
1204 2256 1244 2343 ἢν
1259 2258 1313 2321 καί
1328 2258 1506 2344 διορθωτὴς

263 2369 316 2453 τῆς
338 2372 533 2450 νομοθεσίας
554 2367 704 2452 Κέφαλος
725 2365 743 2431 ὃ
766 2370 949 2453 Κορίνθιος.
1458 2367 1465 2381 ’

353 2474 594 2562 Discrepantiae
618 2477 698 2542 satis
721 2476 904 2562 perspicuae
928 2480 1016 2541 sunt:
1054 2475 1117 2541 alio
1140 2475 1209 2542 loco
1226 2475 1388 2542 Timoleon
1413 2498 1505 2558 νομο-

265 2570 362 2668 τέθης
385 2583 448 2650 elio
472 2584 650 2670 διορθωτὴς
672 2589 738 2667 est3
763 2585 846 2651 idem
870 2587 925 2671 qui
948 2606 974 2651 c.
1000 2587 1089 2667 loa
1112 2587 1271 2671 privatum
1295 2586 1343 2651 ius
1359 2588 1504 2652 accurate

262 2691 465 2778 descripsisse
489 2692 603 2759 dicitur
625 2713 650 2759 c.
669 2696 722 2774 82,
739 2700 766 2774 6,
792 2694 876 2779 quod
899 2693 940 2758 ad
963 2694 996 2759 id
1016 2694 1168 2780 temporis
1183 2693 1349 2780 Syracusis
1365 2684 1504 2778 vigebat,

262 2802 416 2867 intactum
439 2802 659 2887 integrumque
682 2801 820 2888 reliquit,
846 2801 1007 2888 publicum
1030 2804 1078 2868 ius
1102 2823 1171 2868 cum
1194 2801 1334 2887 Cephalo
1358 2803 1502 2868 correxit.
1575 2796 1578 2805 '

261 2908 329 2975 Aut
357 2910 454 2993 igitur
477 2909 609 2976 Diodori
635 2932 714 2977 unus
738 2913 847 2977 auctor
870 2910 908 2976 de
933 2909 1042 2976 eadem
1066 2932 1100 2975 re
1123 2911 1246 2977 diverso
1270 2909 1362 2976 modo
1386 2910 1505 2976 duobus

262 3018 340 3084 locis
364 3019 509 3105 exposuit
531 3022 587 3083 aut
610 3019 673 3083 alio
694 3017 763 3085 loco
779 3017 878 3084 alium
894 3018 1039 3085 adhibuit
1054 3024 1214 3085 auctorem
1231 3019 1396 3102 Diodorus
1421 3020 1505 3106 quod

264 3127 343 3193 mihi
371 3128 498 3214 quidem
526 3147 581 3214 pro
605 3132 691 3193 certo
715 3132 764 3193 est
775 3129 809 3212 ¹).
858 3127 929 3193 Duo
953 3129 1055 3193 fontes
1079 3129 1223 3194 extitisse
1247 3127 1322 3193 mihi
1348 3128 1503 3210 videntur,

263 3256 395 3322 quorum
408 3222 492 3302 altei
503 3235 709 3303 Timoleontis
721 3237 828 3320 legum
849 3236 1011 3302 dationem
1035 3237 1115 3303 arcis
1138 3237 1334 3322 occupationi
1358 3237 1504 3302 continuo

263 3346 406 3425 annexit,
437 3345 520 3411 alter
541 3367 605 3411 una
628 3366 698 3412 cum
722 3345 851 3432 reliquis
876 3345 1082 3416 Timoleontis
1106 3345 1245 3411 consiliis
1269 3344 1505 3431 rationibusque

262 3453 304 3518 ad
331 3453 459 3520 Siciliae
483 3475 558 3540 opes
581 3453 793 3521 restituendas
816 3454 1046 3541 pertinentibus
1070 3453 1250 3540 explicavit,
1276 3455 1326 3519 cui
1341 3452 1504 3520 Plutarchi

262 3561 375 3629 relatio
400 3566 440 3650 (c.
460 3564 553 3649 2⁴0²)
578 3562 743 3630 simillima
765 3568 824 3643 est,
849 3564 902 3650 qui
927 3584 1118 3650 quamquam
1136 3568 1210 3629 ante
1226 3583 1364 3648 pugnam
1380 3561 1420 3627 ad
1437 3560 1504 3626 Ori-

262 3671 377 3737 misnm
406 3673 606 3739 commissam
635 3673 674 3737 de
697 3670 904 3737 Timoleontis
932 3692 1007 3737 cura
1033 3671 1157 3754 legibus
1180 3670 1386 3755 Syracusanis
1410 3670 1505 3736 corri-

262 3779 371 3862 gendis
399 3781 542 3868 impensa
569 3783 667 3848 refert
698 3783 806 3846 tarum
834 3781 865 3845 in
895 3800 932 3846 eo
960 3800 1031 3847 oum
1054 3779 1192 3846 Diodoro
1221 3779 1391 3859 consentit,
1415 3777 1505 3863 quod

338 4105 358 4173 ¹)
377 4108 487 4163 Diodori
517 4108 622 4162 levitati
650 4108 760 4163 eandem
790 4125 845 4162 rem
874 4109 916 4162 bis
945 4109 1178 4161 commemoratam
1206 4107 1342 4173 imputare
1369 4121 1438 4174 quae
1470 4104 1504 4157 de

263 4200 488 4267 Amphipolorum
515 4217 624 4255 munere
649 4202 677 4254 in
701 4218 723 4255 c.
749 4201 784 4254 70
808 4202 939 4268 leguntur
963 4199 1070 4251 omnino
1096 4200 1196 4251 retent.
1236 4197 1360 4249 Extrema
1383 4196 1504 4249 eiusdem

264 4291 360 4360 capitis
385 4292 467 4345 verba
490 4307 504 4344 e
524 4293 607 4346 Siculi
632 4292 746 4360 ingenio·
764 4291 873 4345 fluxisse
899 4305 952 4343 non
977 4290 1066 4342 minus
1091 4291 1198 4342 constat
1216 4303 1298 4356 quam
1318 4288 1350 4341 de
1370 4286 1504 4354 Agyrrhio

263 4382 362 4450 oppido
382 4384 424 4435 ter
441 4399 458 4436 e
477 4383 594 4435 Diodoro
614 4383 725 4436 laudato
745 4381 800 4448 (82.
820 4384 847 4445 4,
867 4384 898 4444 5;
919 4380 962 4441 83,
982 4379 1018 4444 3).

232 4530 236 4533 ,
337 4470 359 4539 ²)
379 4474 421 4527 καὶ
439 4479 493 4536 τοῖς
514 4473 618 4544 ἥκουσιν
631 4476 661 4527 ἐκ
674 4471 807 4544 Κορίνθου
821 4474 978 4540 νομοθέταις
991 4469 1110 4543 Κεφάλῳ
1122 4471 1164 4525 καὶ
1177 4469 1301 4542 Διονυσίῳ
1313 4468 1346 4521 τὰ
1358 4469 1507 4539 κυριώτατα

262 4564 305 4618 καί
322 4564 446 4620 κάλλιστα
464 4565 651 4636 συνδιαθήσων.
