<?xml version="1.0" encoding="UTF-8"?>
<!DOCTYPE html PUBLIC "-//W3C//DTD XHTML 1.0 Transitional//EN"
    "http://www.w3.org/TR/xhtml1/DTD/xhtml1-transitional.dtd">
<html xmlns="http://www.w3.org/1999/xhtml" xml:lang="en" lang="en">
 <head>
  <title>
</title>
<meta http-equiv="Content-Type" content="text/html;charset=utf-8" />
  <meta name='ocr-system' content='tesseract 3.04.00' />
  <meta name='ocr-capabilities' content='ocr_page ocr_carea ocr_par ocr_line ocrx_word'/>
</head>
<body>
  <div class='ocr_page' id='page_1' title='image "./defontibusdemos01sturgoog_0065.png"; bbox 0 0 3442 5134; ppageno 0'>
   <div class='ocr_carea' id='block_1_1' title="bbox 727 398 954 463">
    <p class='ocr_par' dir='ltr' id='par_1_1' title="bbox 727 398 954 463">
     <span class='ocr_line' id='line_1_1' title="bbox 727 398 954 463; baseline -0.022 -15"><span class='ocrx_word' id='word_1_1' title='bbox 727 436 771 448; x_wconf 85' lang='lat'>..</span> <span class='ocrx_word' id='word_1_2' title='bbox 818 398 954 463; x_wconf 57' lang='grc'>572-</span> 
     </span>
    </p>
   </div>
   <div class='ocr_carea' id='block_1_2' title="bbox 172 571 1471 2719">
    <p class='ocr_par' dir='ltr' id='par_1_2' title="bbox 172 571 1471 2719">
     <span class='ocr_line' id='line_1_2' title="bbox 217 571 1469 669; baseline 0.002 -22"><span class='ocrx_word' id='word_1_3' title='bbox 217 579 358 648; x_wconf 82' lang='lat' dir='ltr'>aGellio</span> <span class='ocrx_word' id='word_1_4' title='bbox 380 586 491 669; x_wconf 89' lang='lat' dir='ltr'>aperte</span> <span class='ocrx_word' id='word_1_5' title='bbox 515 581 671 648; x_wconf 87' lang='lat' dir='ltr'>docemur.</span> <span class='ocrx_word' id='word_1_6' title='bbox 713 579 848 646; x_wconf 85' lang='lat' dir='ltr'><strong>Omnino</strong></span> <span class='ocrx_word' id='word_1_7' title='bbox 870 572 964 644; x_wconf 84' lang='lat' dir='ltr'>nulla</span> <span class='ocrx_word' id='word_1_8' title='bbox 978 571 1194 645; x_wconf 81' lang='lat' dir='ltr'>Plutarcheae</span> <span class='ocrx_word' id='word_1_9' title='bbox 1211 583 1383 647; x_wconf 82' lang='lat' dir='ltr'>narrationi</span> <span class='ocrx_word' id='word_1_10' title='bbox 1399 604 1469 649; x_wconf 89' lang='lat' dir='ltr'>cum</span> 
     </span>
     <span class='ocr_line' id='line_1_3' title="bbox 217 681 1469 777; baseline 0 -21"><span class='ocrx_word' id='word_1_11' title='bbox 217 689 413 777; x_wconf 91' lang='lat' dir='ltr'>Hermippea</span> <span class='ocrx_word' id='word_1_12' title='bbox 436 688 608 755; x_wconf 78' lang='lat' dir='ltr'>traditione</span> <span class='ocrx_word' id='word_1_13' title='bbox 631 710 682 755; x_wconf 92' lang='lat' dir='ltr'>res</span> <span class='ocrx_word' id='word_1_14' title='bbox 705 691 764 770; x_wconf 88' lang='lat' dir='ltr'>est,</span> <span class='ocrx_word' id='word_1_15' title='bbox 789 687 847 754; x_wconf 91' lang='lat' dir='ltr'>sed</span> <span class='ocrx_word' id='word_1_16' title='bbox 865 684 964 751; x_wconf 88' lang='lat' dir='ltr'>aliam</span> <span class='ocrx_word' id='word_1_17' title='bbox 980 681 1178 751; x_wconf 85' lang='lat' dir='ltr'>hauddubie</span> <span class='ocrx_word' id='word_1_18' title='bbox 1194 689 1346 771; x_wconf 76' lang='lat' dir='ltr'>originem</span> <span class='ocrx_word' id='word_1_19' title='bbox 1362 691 1469 771; x_wconf 80' lang='lat' dir='ltr'>habet,</span> 
     </span>
     <span class='ocr_line' id='line_1_4' title="bbox 217 790 1470 885; baseline 0.001 -22"><span class='ocrx_word' id='word_1_20' title='bbox 217 819 314 885; x_wconf 91' lang='lat' dir='ltr'>quam</span> <span class='ocrx_word' id='word_1_21' title='bbox 336 797 378 863; x_wconf 90' lang='lat' dir='ltr'>ad</span> <span class='ocrx_word' id='word_1_22' title='bbox 398 799 575 864; x_wconf 85' lang='lat' dir='ltr'>accuratius</span> <span class='ocrx_word' id='word_1_23' title='bbox 590 796 838 881; x_wconf 88' lang='lat' dir='ltr'>cognoscendam</span> <span class='ocrx_word' id='word_1_24' title='bbox 854 790 1132 860; x_wconf 87' lang='lat' dir='ltr'>PsPlutareheam</span> <span class='ocrx_word' id='word_1_25' title='bbox 1148 798 1249 862; x_wconf 86' lang='lat' dir='ltr'>vitam</span> <span class='ocrx_word' id='word_1_26' title='bbox 1266 797 1470 865; x_wconf 79' lang='lat' dir='ltr'>adhibeamus</span> 
     </span>
     <span class='ocr_line' id='line_1_5' title="bbox 218 899 1471 992; baseline 0.001 -20"><span class='ocrx_word' id='word_1_27' title='bbox 218 925 346 973; x_wconf 88' lang='lat' dir='ltr'>necesse</span> <span class='ocrx_word' id='word_1_28' title='bbox 358 911 416 973; x_wconf 88' lang='lat' dir='ltr'>est.</span> <span class='ocrx_word' id='word_1_29' title='bbox 438 905 541 973; x_wconf 89' lang='lat' dir='ltr'>Huius</span> <span class='ocrx_word' id='word_1_30' title='bbox 553 909 636 973; x_wconf 88' lang='lat' dir='ltr'>euim</span> <span class='ocrx_word' id='word_1_31' title='bbox 648 910 758 974; x_wconf 80' lang='lat' dir='ltr'>auctor</span> <span class='ocrx_word' id='word_1_32' title='bbox 771 905 810 972; x_wconf 93' lang='lat' dir='ltr'>de</span> <span class='ocrx_word' id='word_1_33' title='bbox 823 899 1086 992; x_wconf 75' lang='lat' dir='ltr'>praeceptoribus</span> <span class='ocrx_word' id='word_1_34' title='bbox 1097 901 1324 972; x_wconf 85' lang='lat' dir='ltr'>Demosthenis</span> <span class='ocrx_word' id='word_1_35' title='bbox 1336 913 1471 992; x_wconf 91' lang='lat' dir='ltr'>quatuor</span> 
     </span>
     <span class='ocr_line' id='line_1_6' title="bbox 219 1007 1470 1101; baseline 0.002 -22"><span class='ocrx_word' id='word_1_36' title='bbox 219 1013 313 1080; x_wconf 86' lang='lat' dir='ltr'>affert</span> <span class='ocrx_word' id='word_1_37' title='bbox 334 1013 505 1081; x_wconf 82' lang='lat' dir='ltr'>relationes</span> <span class='ocrx_word' id='word_1_38' title='bbox 529 1017 625 1101; x_wconf 89' lang='lat' dir='ltr'>atque</span> <span class='ocrx_word' id='word_1_39' title='bbox 647 1015 742 1080; x_wconf 90' lang='lat' dir='ltr'>tertio</span> <span class='ocrx_word' id='word_1_40' title='bbox 766 1012 835 1079; x_wconf 88' lang='lat' dir='ltr'>loco</span> <span class='ocrx_word' id='word_1_41' title='bbox 859 1009 1020 1093; x_wconf 77' lang='lat' dir='ltr'>Hegesiae</span> <span class='ocrx_word' id='word_1_42' title='bbox 1044 1007 1220 1094; x_wconf 68' lang='lat' dir='ltr'>Magnete,</span> <span class='ocrx_word' id='word_1_43' title='bbox 1246 1016 1333 1080; x_wconf 92' lang='lat' dir='ltr'>cuius</span> <span class='ocrx_word' id='word_1_44' title='bbox 1356 1035 1470 1081; x_wconf 90' lang='lat' dir='ltr'>nomen</span> 
     </span>
     <span class='ocr_line' id='line_1_7' title="bbox 220 1115 1470 1208; baseline -0.001 -19"><span class='ocrx_word' id='word_1_45' title='bbox 220 1145 241 1189; x_wconf 89' lang='lat' dir='ltr'>a</span> <span class='ocrx_word' id='word_1_46' title='bbox 262 1121 451 1190; x_wconf 85' lang='lat' dir='ltr'>Ruhnkenio</span> <span class='ocrx_word' id='word_1_47' title='bbox 462 1123 488 1208; x_wconf 90' lang='lat'>¹)</span> <span class='ocrx_word' id='word_1_48' title='bbox 511 1126 545 1188; x_wconf 89' lang='lat' dir='ltr'>et</span> <span class='ocrx_word' id='word_1_49' title='bbox 567 1121 805 1188; x_wconf 76' lang='lat' dir='ltr'>Wsstermauno</span> <span class='ocrx_word' id='word_1_50' title='bbox 814 1121 842 1207; x_wconf 84' lang='lat'>²)</span> <span class='ocrx_word' id='word_1_51' title='bbox 864 1115 957 1185; x_wconf 92' lang='lat' dir='ltr'>nullo</span> <span class='ocrx_word' id='word_1_52' title='bbox 983 1117 1064 1199; x_wconf 86' lang='lat' dir='ltr'>iure,</span> <span class='ocrx_word' id='word_1_53' title='bbox 1087 1118 1188 1185; x_wconf 88' lang='lat' dir='ltr'>immo</span> <span class='ocrx_word' id='word_1_54' title='bbox 1213 1126 1323 1186; x_wconf 87' lang='lat' dir='ltr'>eontra</span> <span class='ocrx_word' id='word_1_55' title='bbox 1346 1143 1470 1189; x_wconf 90' lang='lat' dir='ltr'>omnem</span> 
     </span>
     <span class='ocr_line' id='line_1_8' title="bbox 220 1227 1469 1317; baseline 0 -21"><span class='ocrx_word' id='word_1_56' title='bbox 220 1229 480 1317; x_wconf 82' lang='lat' dir='ltr'>probabilitatem</span> <span class='ocrx_word' id='word_1_57' title='bbox 515 1231 547 1295; x_wconf 92' lang='lat' dir='ltr'>in</span> <span class='ocrx_word' id='word_1_58' title='bbox 577 1229 733 1296; x_wconf 87' lang='lat' dir='ltr'>Demetrii</span> <span class='ocrx_word' id='word_1_59' title='bbox 766 1227 926 1313; x_wconf 81' lang='lat' dir='ltr'>Magnetis</span> <span class='ocrx_word' id='word_1_60' title='bbox 961 1229 1126 1291; x_wconf 73' lang='lat' dir='ltr'>mutamm</span> <span class='ocrx_word' id='word_1_61' title='bbox 1161 1249 1230 1294; x_wconf 91' lang='lat' dir='ltr'>esse</span> <span class='ocrx_word' id='word_1_62' title='bbox 1265 1229 1469 1316; x_wconf 79' lang='lat' dir='ltr'>Lozynshi³),</span> 
     </span>
     <span class='ocr_line' id='line_1_9' title="bbox 172 1332 1471 1424; baseline 0.002 -22"><span class='ocrx_word' id='word_1_63' title='bbox 172 1374 175 1383; x_wconf 74' lang='lat'>,</span> <span class='ocrx_word' id='word_1_64' title='bbox 220 1337 412 1424; x_wconf 85' lang='lat' dir='ltr'>Droysen⁴),</span> <span class='ocrx_word' id='word_1_65' title='bbox 442 1337 482 1404; x_wconf 87' lang='lat' dir='ltr'>A.</span> <span class='ocrx_word' id='word_1_66' title='bbox 505 1337 701 1423; x_wconf 65' lang='lat' dir='ltr'>Sebaefert),</span> <span class='ocrx_word' id='word_1_67' title='bbox 726 1335 866 1422; x_wconf 79' lang='lat' dir='ltr'>Blass⁶)‚</span> <span class='ocrx_word' id='word_1_68' title='bbox 893 1332 1082 1418; x_wconf 63' lang='lat' dir='ltr'>Gebhardr)</span> <span class='ocrx_word' id='word_1_69' title='bbox 1107 1337 1281 1401; x_wconf 88' lang='lat' dir='ltr'>rectissime</span> <span class='ocrx_word' id='word_1_70' title='bbox 1305 1338 1471 1405; x_wconf 83' lang='lat' dir='ltr'>intellexe-</span> 
     </span>
     <span class='ocr_line' id='line_1_10' title="bbox 220 1442 1470 1531; baseline 0.002 -21"><span class='ocrx_word' id='word_1_71' title='bbox 220 1448 308 1527; x_wconf 82' lang='lat' dir='ltr'>runt3</span> <span class='ocrx_word' id='word_1_72' title='bbox 345 1465 503 1531; x_wconf 88' lang='lat' dir='ltr'>quousque</span> <span class='ocrx_word' id='word_1_73' title='bbox 531 1465 606 1511; x_wconf 83' lang='lat' dir='ltr'>vero</span> <span class='ocrx_word' id='word_1_74' title='bbox 634 1444 791 1529; x_wconf 79' lang='lat' dir='ltr'>Hegesiae</span> <span class='ocrx_word' id='word_1_75' title='bbox 820 1445 919 1511; x_wconf 83' lang='lat' dir='ltr'>verba</span> <span class='ocrx_word' id='word_1_76' title='bbox 949 1442 1151 1531; x_wconf 81' lang='lat' dir='ltr'>pertineant,</span> <span class='ocrx_word' id='word_1_77' title='bbox 1188 1446 1291 1511; x_wconf 91' lang='lat' dir='ltr'>minus</span> <span class='ocrx_word' id='word_1_78' title='bbox 1326 1450 1470 1512; x_wconf 84' lang='lat' dir='ltr'>constare</span> 
     </span>
     <span class='ocr_line' id='line_1_11' title="bbox 220 1548 1471 1639; baseline 0.002 -23"><span class='ocrx_word' id='word_1_79' title='bbox 220 1551 354 1634; x_wconf 90' lang='lat' dir='ltr'>videtur,</span> <span class='ocrx_word' id='word_1_80' title='bbox 379 1573 571 1639; x_wconf 90' lang='lat' dir='ltr'>quamquam</span> <span class='ocrx_word' id='word_1_81' title='bbox 595 1555 671 1639; x_wconf 92' lang='lat' dir='ltr'>quin</span> <span class='ocrx_word' id='word_1_82' title='bbox 695 1554 802 1619; x_wconf 91' lang='lat' dir='ltr'>omnia</span> <span class='ocrx_word' id='word_1_83' title='bbox 823 1553 922 1619; x_wconf 89' lang='lat' dir='ltr'>verba</span> <span class='ocrx_word' id='word_1_84' title='bbox 943 1570 1045 1637; x_wconf 89' lang='lat' dir='ltr'>usque</span> <span class='ocrx_word' id='word_1_85' title='bbox 1063 1548 1110 1614; x_wconf 83' lang='lat' dir='ltr'>ad</span> <span class='ocrx_word' id='word_1_86' title='bbox 1126 1551 1168 1624; x_wconf 82' lang='grc' dir='ltr'>ὡς</span> <span class='ocrx_word' id='word_1_87' title='bbox 1184 1551 1218 1615; x_wconf 80' lang='grc' dir='ltr'>δὲ</span> <span class='ocrx_word' id='word_1_88' title='bbox 1234 1558 1400 1637; x_wconf 70' lang='grc' dir='ltr'><strong><em>Κτησίβιος</em></strong></span> <span class='ocrx_word' id='word_1_89' title='bbox 1414 1556 1471 1620; x_wconf 75' lang='grc' dir='ltr'>κτλ</span> 
     </span>
     <span class='ocr_line' id='line_1_12' title="bbox 219 1656 1469 1747; baseline 0.003 -23"><span class='ocrx_word' id='word_1_90' title='bbox 219 1658 377 1742; x_wconf 82' lang='lat' dir='ltr'>Hegesiae</span> <span class='ocrx_word' id='word_1_91' title='bbox 409 1660 489 1740; x_wconf 88' lang='lat' dir='ltr'>sint,</span> <span class='ocrx_word' id='word_1_92' title='bbox 525 1680 588 1729; x_wconf 91' lang='lat' dir='ltr'>non</span> <span class='ocrx_word' id='word_1_93' title='bbox 624 1659 831 1727; x_wconf 87' lang='lat' dir='ltr'>dubitandum</span> <span class='ocrx_word' id='word_1_94' title='bbox 859 1663 954 1747; x_wconf 81' lang='lat' dir='ltr'>est⁸).</span> <span class='ocrx_word' id='word_1_95' title='bbox 1007 1656 1186 1744; x_wconf 88' lang='lat' dir='ltr'>Hegesiam</span> <span class='ocrx_word' id='word_1_96' title='bbox 1214 1660 1247 1724; x_wconf 92' lang='lat' dir='ltr'>in</span> <span class='ocrx_word' id='word_1_97' title='bbox 1275 1663 1469 1743; x_wconf 88' lang='lat' dir='ltr'>gravissimis</span> 
     </span>
     <span class='ocr_line' id='line_1_13' title="bbox 219 1763 1470 1854; baseline 0.002 -21"><span class='ocrx_word' id='word_1_98' title='bbox 219 1766 312 1834; x_wconf 87' lang='lat' dir='ltr'>rebus</span> <span class='ocrx_word' id='word_1_99' title='bbox 340 1767 381 1833; x_wconf 90' lang='lat' dir='ltr'>ab</span> <span class='ocrx_word' id='word_1_100' title='bbox 410 1766 584 1854; x_wconf 90' lang='lat' dir='ltr'>Hermippo</span> <span class='ocrx_word' id='word_1_101' title='bbox 613 1768 765 1835; x_wconf 88' lang='lat' dir='ltr'>dissidere</span> <span class='ocrx_word' id='word_1_102' title='bbox 792 1769 997 1835; x_wconf 83' lang='lat' dir='ltr'>manifestum</span> <span class='ocrx_word' id='word_1_103' title='bbox 1028 1772 1094 1835; x_wconf 87' lang='lat' dir='ltr'>est:</span> <span class='ocrx_word' id='word_1_104' title='bbox 1141 1763 1274 1852; x_wconf 88' lang='lat' dir='ltr'>Oropiea</span> <span class='ocrx_word' id='word_1_105' title='bbox 1308 1789 1403 1835; x_wconf 90' lang='lat' dir='ltr'>eausa</span> <span class='ocrx_word' id='word_1_106' title='bbox 1438 1771 1470 1836; x_wconf 93' lang='lat' dir='ltr'>in</span> 
     </span>
     <span class='ocr_line' id='line_1_14' title="bbox 221 1873 1471 1961; baseline 0.002 -22"><span class='ocrx_word' id='word_1_107' title='bbox 221 1873 334 1941; x_wconf 88' lang='lat' dir='ltr'>iudicio</span> <span class='ocrx_word' id='word_1_108' title='bbox 358 1879 489 1961; x_wconf 88' lang='lat' dir='ltr'>peraeta</span> <span class='ocrx_word' id='word_1_109' title='bbox 511 1875 593 1941; x_wconf 89' lang='lat' dir='ltr'>nihil</span> <span class='ocrx_word' id='word_1_110' title='bbox 615 1881 888 1958; x_wconf 89' lang='lat' dir='ltr'>commemoratur,</span> <span class='ocrx_word' id='word_1_111' title='bbox 913 1876 969 1943; x_wconf 93' lang='lat' dir='ltr'>sed</span> <span class='ocrx_word' id='word_1_112' title='bbox 992 1878 1025 1941; x_wconf 90' lang='lat' dir='ltr'>in</span> <span class='ocrx_word' id='word_1_113' title='bbox 1048 1874 1199 1942; x_wconf 83' lang='lat' dir='ltr'>contione</span> <span class='ocrx_word' id='word_1_114' title='bbox 1217 1875 1354 1959; x_wconf 87' lang='lat' dir='ltr'>quadam</span> <span class='ocrx_word' id='word_1_115' title='bbox 1371 1876 1471 1943; x_wconf 80' lang='lat' dir='ltr'>Galli-</span> 
     </span>
     <span class='ocr_line' id='line_1_15' title="bbox 221 1979 1469 2071; baseline 0.001 -21"><span class='ocrx_word' id='word_1_116' title='bbox 221 1986 357 2050; x_wconf 88' lang='lat' dir='ltr'>stratum</span> <span class='ocrx_word' id='word_1_117' title='bbox 384 2005 404 2050; x_wconf 91' lang='lat' dir='ltr'>a</span> <span class='ocrx_word' id='word_1_118' title='bbox 427 1983 641 2050; x_wconf 89' lang='lat' dir='ltr'>Demosthene</span> <span class='ocrx_word' id='word_1_119' title='bbox 669 1984 812 2051; x_wconf 91' lang='lat' dir='ltr'>auditum</span> <span class='ocrx_word' id='word_1_120' title='bbox 840 2006 909 2052; x_wconf 93' lang='lat' dir='ltr'>esse</span> <span class='ocrx_word' id='word_1_121' title='bbox 937 1985 1080 2071; x_wconf 82' lang='lat' dir='ltr'>exponit3</span> <span class='ocrx_word' id='word_1_122' title='bbox 1109 1979 1198 2070; x_wconf 86' lang='lat' dir='ltr'>quod</span> <span class='ocrx_word' id='word_1_123' title='bbox 1221 1980 1469 2051; x_wconf 86' lang='lat' dir='ltr'>Demosthenem</span> 
     </span>
     <span class='ocr_line' id='line_1_16' title="bbox 221 2088 1469 2178; baseline 0.002 -22"><span class='ocrx_word' id='word_1_124' title='bbox 221 2088 406 2157; x_wconf 82' lang='lat' dir='ltr'>Callistrato</span> <span class='ocrx_word' id='word_1_125' title='bbox 429 2110 559 2177; x_wconf 88' lang='lat' dir='ltr'>operam</span> <span class='ocrx_word' id='word_1_126' title='bbox 579 2091 702 2159; x_wconf 90' lang='lat' dir='ltr'>dedisse</span> <span class='ocrx_word' id='word_1_127' title='bbox 719 2091 835 2159; x_wconf 87' lang='lat' dir='ltr'>diserte</span> <span class='ocrx_word' id='word_1_128' title='bbox 851 2092 1001 2172; x_wconf 80' lang='lat' dir='ltr'>affirmat,</span> <span class='ocrx_word' id='word_1_129' title='bbox 1025 2093 1094 2156; x_wconf 88' lang='lat' dir='ltr'>sine</span> <span class='ocrx_word' id='word_1_130' title='bbox 1109 2088 1208 2156; x_wconf 83' lang='lat' dir='ltr'>dubio</span> <span class='ocrx_word' id='word_1_131' title='bbox 1225 2089 1357 2156; x_wconf 90' lang='lat' dir='ltr'>eandem</span> <span class='ocrx_word' id='word_1_132' title='bbox 1374 2114 1469 2178; x_wconf 89' lang='lat' dir='ltr'>quam</span> 
     </span>
     <span class='ocr_line' id='line_1_17' title="bbox 221 2196 1469 2287; baseline 0.002 -23"><span class='ocrx_word' id='word_1_133' title='bbox 221 2197 413 2286; x_wconf 89' lang='lat' dir='ltr'>Hermippus</span> <span class='ocrx_word' id='word_1_134' title='bbox 429 2198 633 2266; x_wconf 86' lang='lat' dir='ltr'>traditionem</span> <span class='ocrx_word' id='word_1_135' title='bbox 648 2201 799 2287; x_wconf 87' lang='lat' dir='ltr'>sequitur,</span> <span class='ocrx_word' id='word_1_136' title='bbox 822 2200 970 2267; x_wconf 89' lang='lat' dir='ltr'>dissentit</span> <span class='ocrx_word' id='word_1_137' title='bbox 985 2218 1060 2265; x_wconf 87' lang='lat' dir='ltr'>vere</span> <span class='ocrx_word' id='word_1_138' title='bbox 1076 2220 1172 2286; x_wconf 90' lang='lat' dir='ltr'>quam</span> <span class='ocrx_word' id='word_1_139' title='bbox 1191 2196 1469 2267; x_wconf 77' lang='lat' dir='ltr'>vehementissime</span> 
     </span>
     <span class='ocr_line' id='line_1_18' title="bbox 221 2306 1470 2394; baseline 0 -20"><span class='ocrx_word' id='word_1_140' title='bbox 221 2328 292 2374; x_wconf 90' lang='lat' dir='ltr'>cum</span> <span class='ocrx_word' id='word_1_141' title='bbox 314 2306 562 2374; x_wconf 88' lang='lat' dir='ltr'>Demosthenem</span> <span class='ocrx_word' id='word_1_142' title='bbox 585 2307 764 2376; x_wconf 78' lang='lat' dir='ltr'>Callistrati</span> <span class='ocrx_word' id='word_1_143' title='bbox 792 2313 981 2376; x_wconf 89' lang='lat' dir='ltr'>sectatorem</span> <span class='ocrx_word' id='word_1_144' title='bbox 1011 2309 1108 2375; x_wconf 85' lang='lat' dir='ltr'>fuisse</span> <span class='ocrx_word' id='word_1_145' title='bbox 1137 2310 1251 2394; x_wconf 88' lang='lat' dir='ltr'>(usque</span> <span class='ocrx_word' id='word_1_146' title='bbox 1281 2306 1323 2373; x_wconf 89' lang='lat' dir='ltr'>ad</span> <span class='ocrx_word' id='word_1_147' title='bbox 1353 2330 1470 2374; x_wconf 90' lang='lat' dir='ltr'>aunum</span> 
     </span>
     <span class='ocr_line' id='line_1_19' title="bbox 222 2414 1470 2502; baseline 0.002 -22"><span class='ocrx_word' id='word_1_148' title='bbox 222 2416 285 2481; x_wconf 84' lang='grc'>361</span> <span class='ocrx_word' id='word_1_149' title='bbox 312 2414 382 2501; x_wconf 76' lang='lat' dir='ltr'>(i),</span> <span class='ocrx_word' id='word_1_150' title='bbox 412 2415 589 2502; x_wconf 90' lang='lat' dir='ltr'>siquidem</span> <span class='ocrx_word' id='word_1_151' title='bbox 612 2414 672 2483; x_wconf 90' lang='lat' dir='ltr'>hoc</span> <span class='ocrx_word' id='word_1_152' title='bbox 695 2437 777 2483; x_wconf 88' lang='lat' dir='ltr'>anno</span> <span class='ocrx_word' id='word_1_153' title='bbox 801 2415 1023 2484; x_wconf 85' lang='lat' dir='ltr'>Callistratum</span> <span class='ocrx_word' id='word_1_154' title='bbox 1047 2419 1080 2483; x_wconf 91' lang='lat' dir='ltr'>in</span> <span class='ocrx_word' id='word_1_155' title='bbox 1104 2415 1233 2482; x_wconf 84' lang='lat' dir='ltr'>exilium</span> <span class='ocrx_word' id='word_1_156' title='bbox 1265 2414 1383 2481; x_wconf 82' lang='lat' dir='ltr'>abiisse</span> <span class='ocrx_word' id='word_1_157' title='bbox 1405 2415 1470 2482; x_wconf 92' lang='lat' dir='ltr'>He·</span> 
     </span>
     <span class='ocr_line' id='line_1_20' title="bbox 222 2522 1470 2611; baseline 0.001 -23"><span class='ocrx_word' id='word_1_158' title='bbox 222 2523 327 2606; x_wconf 87' lang='lat' dir='ltr'>gesiae</span> <span class='ocrx_word' id='word_1_159' title='bbox 361 2522 543 2609; x_wconf 89' lang='lat' dir='ltr'>constabat)</span> <span class='ocrx_word' id='word_1_160' title='bbox 578 2528 612 2589; x_wconf 85' lang='lat' dir='ltr'>et</span> <span class='ocrx_word' id='word_1_161' title='bbox 645 2544 685 2590; x_wconf 88' lang='lat' dir='ltr'>ex</span> <span class='ocrx_word' id='word_1_162' title='bbox 719 2523 912 2611; x_wconf 86' lang='lat' dir='ltr'>epheborum</span> <span class='ocrx_word' id='word_1_163' title='bbox 947 2529 1054 2592; x_wconf 89' lang='lat' dir='ltr'>aetate</span> <span class='ocrx_word' id='word_1_164' title='bbox 1090 2544 1249 2607; x_wconf 88' lang='lat' dir='ltr'>egressum</span> <span class='ocrx_word' id='word_1_165' title='bbox 1258 2523 1286 2607; x_wconf 75' lang='grc'>9)</span> <span class='ocrx_word' id='word_1_166' title='bbox 1321 2524 1470 2590; x_wconf 88' lang='lat' dir='ltr'>Isocratis</span> 
     </span>
     <span class='ocr_line' id='line_1_21' title="bbox 224 2627 1470 2719; baseline 0.002 -23"><span class='ocrx_word' id='word_1_167' title='bbox 224 2627 372 2697; x_wconf 89' lang='lat' dir='ltr'>Platonis</span> <span class='ocrx_word' id='word_1_168' title='bbox 388 2630 471 2698; x_wconf 90' lang='lat' dir='ltr'>Isaei</span> <span class='ocrx_word' id='word_1_169' title='bbox 494 2630 672 2717; x_wconf 51' lang='lat' dir='ltr'>disciplinis*</span> <span class='ocrx_word' id='word_1_170' title='bbox 691 2654 781 2698; x_wconf 88' lang='lat' dir='ltr'>usum</span> <span class='ocrx_word' id='word_1_171' title='bbox 805 2653 874 2699; x_wconf 87' lang='lat' dir='ltr'>esse</span> <span class='ocrx_word' id='word_1_172' title='bbox 896 2653 954 2719; x_wconf 89' lang='lat' dir='ltr'>pro</span> <span class='ocrx_word' id='word_1_173' title='bbox 977 2637 1063 2700; x_wconf 88' lang='lat' dir='ltr'>certo</span> <span class='ocrx_word' id='word_1_174' title='bbox 1087 2636 1228 2699; x_wconf 90' lang='lat' dir='ltr'>statuere</span> <span class='ocrx_word' id='word_1_175' title='bbox 1251 2650 1316 2700; x_wconf 90' lang='lat' dir='ltr'>nen</span> <span class='ocrx_word' id='word_1_176' title='bbox 1337 2630 1470 2698; x_wconf 90' lang='lat' dir='ltr'>dubitat.</span> 
     </span>
    </p>
   </div>
   <div class='ocr_carea' id='block_1_3' title="bbox 161 2882 1469 4577">
    <p class='ocr_par' dir='ltr' id='par_1_3' title="bbox 161 2882 1464 3137">
     <span class='ocr_line' id='line_1_22' title="bbox 299 2882 689 2955; baseline 0 -17"><span class='ocrx_word' id='word_1_177' title='bbox 299 2882 318 2950; x_wconf 91' lang='lat'>¹)</span> <span class='ocrx_word' id='word_1_178' title='bbox 338 2887 460 2940; x_wconf 85' lang='lat' dir='ltr'>Rutilius</span> <span class='ocrx_word' id='word_1_179' title='bbox 479 2888 580 2955; x_wconf 83' lang='lat' dir='ltr'>Lupus,</span> <span class='ocrx_word' id='word_1_180' title='bbox 599 2904 626 2955; x_wconf 90' lang='lat' dir='ltr'>p.</span> <span class='ocrx_word' id='word_1_181' title='bbox 646 2885 689 2939; x_wconf 79' lang='lat'>27.</span> 
     </span>
     <span class='ocr_line' id='line_1_23' title="bbox 295 2971 1464 3050; baseline 0.003 -21"><span class='ocrx_word' id='word_1_182' title='bbox 295 2971 316 3040; x_wconf 83' lang='lat'>¹)</span> <span class='ocrx_word' id='word_1_183' title='bbox 336 2977 422 3045; x_wconf 80' lang='lat' dir='ltr'>Biegr.</span> <span class='ocrx_word' id='word_1_184' title='bbox 444 2977 512 3043; x_wconf 77' lang='lat' dir='ltr'>tet,</span> <span class='ocrx_word' id='word_1_185' title='bbox 536 2977 561 3031; x_wconf 88' lang='lat'>8.</span> <span class='ocrx_word' id='word_1_186' title='bbox 599 2977 757 3032; x_wconf 87' lang='lat' dir='ltr'>Scheurleer</span> <span class='ocrx_word' id='word_1_187' title='bbox 774 2993 884 3048; x_wconf 87' lang='lat' dir='ltr'>quoque</span> <span class='ocrx_word' id='word_1_188' title='bbox 902 2977 939 3048; x_wconf 89' lang='lat' dir='ltr'>(p.</span> <span class='ocrx_word' id='word_1_189' title='bbox 960 2975 1006 3042; x_wconf 81' lang='grc'>64)</span> <span class='ocrx_word' id='word_1_190' title='bbox 1030 2981 1059 3031; x_wconf 90' lang='lat' dir='ltr'>et</span> <span class='ocrx_word' id='word_1_191' title='bbox 1077 2978 1202 3050; x_wconf 76' lang='lat' dir='ltr'>Roesiger</span> <span class='ocrx_word' id='word_1_192' title='bbox 1223 2978 1381 3036; x_wconf 65' lang='lat' dir='ltr'>autumna</span> <span class='ocrx_word' id='word_1_193' title='bbox 1407 2981 1464 3050; x_wconf 89' lang='lat' dir='ltr'>opi·</span> 
     </span>
     <span class='ocr_line' id='line_1_24' title="bbox 161 3063 1082 3137; baseline 0.005 -17"><span class='ocrx_word' id='word_1_194' title='bbox 161 3088 163 3092; x_wconf 60' lang='grc'>’</span> <span class='ocrx_word' id='word_1_195' title='bbox 221 3066 330 3121; x_wconf 82' lang='lat' dir='ltr'>aionem</span> <span class='ocrx_word' id='word_1_196' title='bbox 349 3067 556 3137; x_wconf 76' lang='lat' dir='ltr'>adoptaverunt</span> <span class='ocrx_word' id='word_1_197' title='bbox 1074 3063 1082 3077; x_wconf 65' lang='lat'><em>⁶</em></span> 
     </span>
    </p>

    <p class='ocr_par' dir='ltr' id='par_1_4' title="bbox 294 3153 494 3227">
     <span class='ocr_line' id='line_1_25' title="bbox 294 3153 494 3227; baseline -0.01 -16"><span class='ocrx_word' id='word_1_198' title='bbox 294 3153 316 3223; x_wconf 73' lang='lat'>⁸)</span> <span class='ocrx_word' id='word_1_199' title='bbox 335 3175 362 3227; x_wconf 88' lang='lat' dir='ltr'>p.</span> <span class='ocrx_word' id='word_1_200' title='bbox 387 3157 446 3211; x_wconf 83' lang='grc'><strong>117.</strong></span> <span class='ocrx_word' id='word_1_201' title='bbox 491 3185 494 3192; x_wconf 86' lang='grc'><em>·</em></span> 
     </span>
    </p>

    <p class='ocr_par' dir='ltr' id='par_1_5' title="bbox 294 3245 796 3319">
     <span class='ocr_line' id='line_1_26' title="bbox 294 3245 796 3319; baseline 0.008 -18"><span class='ocrx_word' id='word_1_202' title='bbox 294 3245 316 3314; x_wconf 85' lang='lat'>⁴)</span> <span class='ocrx_word' id='word_1_203' title='bbox 335 3249 366 3302; x_wconf 91' lang='lat' dir='ltr'>In</span> <span class='ocrx_word' id='word_1_204' title='bbox 387 3250 453 3302; x_wconf 84' lang='lat' dir='ltr'>ldus.</span> <span class='ocrx_word' id='word_1_205' title='bbox 473 3250 604 3315; x_wconf 74' lang='lat' dir='ltr'>libanam,</span> <span class='ocrx_word' id='word_1_206' title='bbox 622 3251 668 3316; x_wconf 88' lang='lat' dir='ltr'>IV,</span> <span class='ocrx_word' id='word_1_207' title='bbox 688 3267 714 3319; x_wconf 90' lang='lat' dir='ltr'>p.</span> <span class='ocrx_word' id='word_1_208' title='bbox 734 3251 796 3305; x_wconf 75' lang='lat'>428.</span> 
     </span>
    </p>

    <p class='ocr_par' dir='ltr' id='par_1_6' title="bbox 295 3334 637 3405">
     <span class='ocr_line' id='line_1_27' title="bbox 295 3334 637 3405; baseline 0 -13"><span class='ocrx_word' id='word_1_209' title='bbox 295 3334 316 3402; x_wconf 91' lang='lat'>¹)</span> <span class='ocrx_word' id='word_1_210' title='bbox 337 3340 369 3392; x_wconf 89' lang='lat' dir='ltr'>D.</span> <span class='ocrx_word' id='word_1_211' title='bbox 388 3355 416 3392; x_wconf 89' lang='lat' dir='ltr'>u.</span> <span class='ocrx_word' id='word_1_212' title='bbox 436 3356 457 3392; x_wconf 87' lang='lat' dir='ltr'>s.</span> <span class='ocrx_word' id='word_1_213' title='bbox 478 3340 515 3404; x_wconf 81' lang='lat' dir='ltr'>Z,</span> <span class='ocrx_word' id='word_1_214' title='bbox 535 3341 556 3405; x_wconf 89' lang='lat'>1,</span> <span class='ocrx_word' id='word_1_215' title='bbox 576 3339 637 3392; x_wconf 75' lang='lat' dir='ltr'>ate.</span> 
     </span>
    </p>

    <p class='ocr_par' dir='ltr' id='par_1_7' title="bbox 295 3425 772 3498">
     <span class='ocr_line' id='line_1_28' title="bbox 295 3425 772 3498; baseline 0.002 -16"><span class='ocrx_word' id='word_1_216' title='bbox 295 3425 317 3493; x_wconf 80' lang='lat'>⁸)</span> <span class='ocrx_word' id='word_1_217' title='bbox 337 3429 538 3494; x_wconf 83' lang='lat' dir='ltr'>Demosthenes,</span> <span class='ocrx_word' id='word_1_218' title='bbox 558 3446 584 3498; x_wconf 90' lang='lat' dir='ltr'>p.</span> <span class='ocrx_word' id='word_1_219' title='bbox 607 3430 649 3495; x_wconf 77' lang='lat'>12,</span> <span class='ocrx_word' id='word_1_220' title='bbox 669 3432 726 3483; x_wconf 86' lang='lat' dir='ltr'>not.</span> <span class='ocrx_word' id='word_1_221' title='bbox 746 3429 772 3483; x_wconf 81' lang='lat'>3.</span> 
     </span>
    </p>

    <p class='ocr_par' dir='ltr' id='par_1_8' title="bbox 223 3514 1467 3677">
     <span class='ocr_line' id='line_1_29' title="bbox 294 3514 1467 3591; baseline 0.006 -20"><span class='ocrx_word' id='word_1_222' title='bbox 294 3514 317 3583; x_wconf 79' lang='lat'>⁷)</span> <span class='ocrx_word' id='word_1_223' title='bbox 336 3535 362 3586; x_wconf 90' lang='lat' dir='ltr'>p.</span> <span class='ocrx_word' id='word_1_224' title='bbox 384 3518 425 3572; x_wconf 92' lang='grc'>10.</span> <span class='ocrx_word' id='word_1_225' title='bbox 464 3519 552 3573; x_wconf 80' lang='lat' dir='ltr'>Etiam</span> <span class='ocrx_word' id='word_1_226' title='bbox 571 3535 723 3587; x_wconf 85' lang='lat' dir='ltr'>anonymus</span> <span class='ocrx_word' id='word_1_227' title='bbox 741 3519 790 3573; x_wconf 91' lang='lat' dir='ltr'>ille</span> <span class='ocrx_word' id='word_1_228' title='bbox 808 3521 837 3573; x_wconf 92' lang='lat' dir='ltr'>in</span> <span class='ocrx_word' id='word_1_229' title='bbox 855 3521 926 3574; x_wconf 88' lang='lat' dir='ltr'>Phil.</span> <span class='ocrx_word' id='word_1_230' title='bbox 946 3524 1028 3588; x_wconf 80' lang='lat' dir='ltr'>Aua,</span> <span class='ocrx_word' id='word_1_231' title='bbox 1053 3523 1118 3587; x_wconf 84' lang='lat' dir='ltr'>Vll,</span> <span class='ocrx_word' id='word_1_232' title='bbox 1142 3540 1168 3591; x_wconf 92' lang='lat' dir='ltr'>p.</span> <span class='ocrx_word' id='word_1_233' title='bbox 1193 3522 1244 3576; x_wconf 76' lang='lat'>124</span> <span class='ocrx_word' id='word_1_234' title='bbox 1264 3524 1291 3576; x_wconf 93' lang='lat' dir='ltr'>in</span> <span class='ocrx_word' id='word_1_235' title='bbox 1313 3525 1382 3578; x_wconf 89' lang='lat' dir='ltr'>hane</span> <span class='ocrx_word' id='word_1_236' title='bbox 1407 3541 1467 3578; x_wconf 90' lang='lat' dir='ltr'>sen-</span> 
     </span>
     <span class='ocr_line' id='line_1_30' title="bbox 223 3609 561 3677; baseline -0.003 -17"><span class='ocrx_word' id='word_1_237' title='bbox 223 3609 337 3662; x_wconf 85' lang='lat' dir='ltr'>tentiam</span> <span class='ocrx_word' id='word_1_238' title='bbox 355 3609 493 3677; x_wconf 83' lang='lat' dir='ltr'>professus</span> <span class='ocrx_word' id='word_1_239' title='bbox 513 3612 561 3662; x_wconf 88' lang='lat' dir='ltr'>est.</span> 
     </span>
    </p>

    <p class='ocr_par' dir='ltr' id='par_1_9' title="bbox 222 3694 1469 4474">
     <span class='ocr_line' id='line_1_31' title="bbox 298 3694 1469 3771; baseline 0.006 -19"><span class='ocrx_word' id='word_1_240' title='bbox 298 3694 320 3763; x_wconf 80' lang='lat'>⁸)</span> <span class='ocrx_word' id='word_1_241' title='bbox 339 3699 454 3754; x_wconf 89' lang='lat' dir='ltr'>Photius</span> <span class='ocrx_word' id='word_1_242' title='bbox 473 3700 602 3768; x_wconf 80' lang='lat' dir='ltr'>Hegesiae</span> <span class='ocrx_word' id='word_1_243' title='bbox 623 3703 652 3754; x_wconf 88' lang='lat' dir='ltr'>et</span> <span class='ocrx_word' id='word_1_244' title='bbox 670 3700 782 3755; x_wconf 84' lang='lat' dir='ltr'>Ctesibii</span> <span class='ocrx_word' id='word_1_245' title='bbox 805 3701 951 3755; x_wconf 85' lang='lat' dir='ltr'>relationes</span> <span class='ocrx_word' id='word_1_246' title='bbox 976 3703 1098 3771; x_wconf 84' lang='lat' dir='ltr'>singulas</span> <span class='ocrx_word' id='word_1_247' title='bbox 1124 3718 1179 3756; x_wconf 89' lang='lat' dir='ltr'>non</span> <span class='ocrx_word' id='word_1_248' title='bbox 1205 3705 1362 3757; x_wconf 87' lang='lat' dir='ltr'>transtulit:</span> <span class='ocrx_word' id='word_1_249' title='bbox 1392 3703 1469 3759; x_wconf 73' lang='grc' dir='ltr'><em>ἄλλοι</em></span> 
     </span>
     <span class='ocr_line' id='line_1_32' title="bbox 222 3787 1469 3865; baseline 0.004 -23"><span class='ocrx_word' id='word_1_250' title='bbox 222 3790 254 3843; x_wconf 69' lang='grc' dir='ltr'>δὲ</span> <span class='ocrx_word' id='word_1_251' title='bbox 273 3787 342 3842; x_wconf 77' lang='grc' dir='ltr'><em>ἄλλα</em></span> <span class='ocrx_word' id='word_1_252' title='bbox 360 3791 426 3861; x_wconf 70' lang='grc' dir='ltr'>περ(</span> <span class='ocrx_word' id='word_1_253' title='bbox 439 3809 469 3845; x_wconf 77' lang='grc' dir='ltr'>τε</span> <span class='ocrx_word' id='word_1_254' title='bbox 493 3791 657 3854; x_wconf 80' lang='grc' dir='ltr'><strong><em>παιδεύσεως</em></strong></span> <span class='ocrx_word' id='word_1_255' title='bbox 674 3790 863 3861; x_wconf 60' lang='grc' dir='ltr'>Δημοσθένους</span> <span class='ocrx_word' id='word_1_256' title='bbox 886 3792 928 3846; x_wconf 78' lang='grc' dir='ltr'>καλ</span> <span class='ocrx_word' id='word_1_257' title='bbox 951 3790 1003 3847; x_wconf 81' lang='grc' dir='ltr'>τῶν</span> <span class='ocrx_word' id='word_1_258' title='bbox 1026 3794 1110 3847; x_wconf 84' lang='grc' dir='ltr'><strong><em>αὐτοῦ</em></strong></span> <span class='ocrx_word' id='word_1_259' title='bbox 1134 3793 1298 3847; x_wconf 78' lang='grc' dir='ltr'><em>διδασκάλων</em></span> <span class='ocrx_word' id='word_1_260' title='bbox 1322 3796 1469 3865; x_wconf 74' lang='grc' dir='ltr'><em>ἱστοροῦσιν</em></span> 
     </span>
     <span class='ocr_line' id='line_1_33' title="bbox 222 3877 1468 3951; baseline 0.003 -21"><span class='ocrx_word' id='word_1_261' title='bbox 222 3877 276 3931; x_wconf 77' lang='lat'>492</span> <span class='ocrx_word' id='word_1_262' title='bbox 292 3888 305 3916; x_wconf 80' lang='lat'>⁸</span> <span class='ocrx_word' id='word_1_263' title='bbox 323 3878 366 3933; x_wconf 79' lang='lat'>30.</span> <span class='ocrx_word' id='word_1_264' title='bbox 400 3879 505 3935; x_wconf 81' lang='lat' dir='ltr'>Erravit</span> <span class='ocrx_word' id='word_1_265' title='bbox 518 3882 551 3934; x_wconf 81' lang='lat' dir='ltr'>A.</span> <span class='ocrx_word' id='word_1_266' title='bbox 570 3880 665 3934; x_wconf 86' lang='lat' dir='ltr'>Hartin</span> <span class='ocrx_word' id='word_1_267' title='bbox 686 3880 787 3946; x_wconf 81' lang='lat' dir='ltr'>(Resue</span> <span class='ocrx_word' id='word_1_268' title='bbox 807 3882 933 3949; x_wconf 89' lang='lat' dir='ltr'>critique,</span> <span class='ocrx_word' id='word_1_269' title='bbox 956 3881 1034 3946; x_wconf 80' lang='lat'>1879,</span> <span class='ocrx_word' id='word_1_270' title='bbox 1053 3899 1079 3949; x_wconf 92' lang='lat' dir='ltr'>p.</span> <span class='ocrx_word' id='word_1_271' title='bbox 1101 3880 1165 3947; x_wconf 79' lang='lat'>349)</span> <span class='ocrx_word' id='word_1_272' title='bbox 1186 3882 1259 3951; x_wconf 91' lang='lat' dir='ltr'>quod</span> <span class='ocrx_word' id='word_1_273' title='bbox 1279 3888 1333 3935; x_wconf 87' lang='lat' dir='ltr'>tres</span> <span class='ocrx_word' id='word_1_274' title='bbox 1354 3885 1468 3936; x_wconf 84' lang='lat' dir='ltr'>notitias</span> 
     </span>
     <span class='ocr_line' id='line_1_34' title="bbox 222 3969 1468 4040; baseline 0.002 -17"><span class='ocrx_word' id='word_1_275' title='bbox 222 3969 349 4023; x_wconf 89' lang='lat' dir='ltr'>aPhotio</span> <span class='ocrx_word' id='word_1_276' title='bbox 370 3970 481 4024; x_wconf 84' lang='lat' dir='ltr'>omissas</span> <span class='ocrx_word' id='word_1_277' title='bbox 501 3986 558 4026; x_wconf 91' lang='lat' dir='ltr'>esse</span> <span class='ocrx_word' id='word_1_278' title='bbox 578 3972 685 4025; x_wconf 81' lang='lat' dir='ltr'>statuit</span> <span class='ocrx_word' id='word_1_279' title='bbox 719 3970 852 4036; x_wconf 81' lang='lat' dir='ltr'>Ceterum,</span> <span class='ocrx_word' id='word_1_280' title='bbox 873 3971 997 4040; x_wconf 83' lang='lat' dir='ltr'>quitari</span> <span class='ocrx_word' id='word_1_281' title='bbox 1017 3972 1144 4039; x_wconf 87' lang='lat' dir='ltr'>potuerit,</span> <span class='ocrx_word' id='word_1_282' title='bbox 1164 3975 1196 4025; x_wconf 91' lang='lat' dir='ltr'>ut</span> <span class='ocrx_word' id='word_1_283' title='bbox 1215 3973 1338 4040; x_wconf 86' lang='lat' dir='ltr'>plerique</span> <span class='ocrx_word' id='word_1_284' title='bbox 1357 3988 1396 4026; x_wconf 80' lang='lat' dir='ltr'>rv.</span> <span class='ocrx_word' id='word_1_285' title='bbox 1420 3971 1468 4026; x_wconf 91' lang='lat' dir='ltr'>dd.</span> 
     </span>
     <span class='ocr_line' id='line_1_35' title="bbox 223 4058 1467 4132; baseline 0.002 -19"><span class='ocrx_word' id='word_1_286' title='bbox 223 4060 305 4114; x_wconf 83' lang='lat' dir='ltr'>verba</span> <span class='ocrx_word' id='word_1_287' title='bbox 322 4060 365 4115; x_wconf 77' lang='lat' dir='ltr'>aui</span> <span class='ocrx_word' id='word_1_288' title='bbox 383 4061 480 4115; x_wconf 75' lang='grc' dir='ltr'><em>τούτου</em></span> <span class='ocrx_word' id='word_1_289' title='bbox 497 4061 547 4127; x_wconf 66' lang='grc' dir='ltr'>μὸν</span> <span class='ocrx_word' id='word_1_290' title='bbox 563 4062 610 4116; x_wconf 78' lang='grc' dir='ltr'>κτλ</span> <span class='ocrx_word' id='word_1_291' title='bbox 630 4064 671 4116; x_wconf 88' lang='lat' dir='ltr'>vel</span> <span class='ocrx_word' id='word_1_292' title='bbox 692 4062 782 4132; x_wconf 63' lang='lat' dir='ltr'>inuti</span> <span class='ocrx_word' id='word_1_293' title='bbox 801 4058 826 4115; x_wconf 60' lang='grc' dir='ltr'><em>ὃ</em></span> <span class='ocrx_word' id='word_1_294' title='bbox 846 4063 862 4115; x_wconf 77' lang='grc' dir='ltr'><strong><em>ὁ</em></strong></span> <span class='ocrx_word' id='word_1_295' title='bbox 880 4063 930 4128; x_wconf 80' lang='grc' dir='ltr'>μὲν</span> <span class='ocrx_word' id='word_1_296' title='bbox 946 4062 991 4116; x_wconf 78' lang='grc' dir='ltr'>κτλ</span> <span class='ocrx_word' id='word_1_297' title='bbox 1005 4062 1076 4115; x_wconf 85' lang='lat' dir='ltr'>ritae</span> <span class='ocrx_word' id='word_1_298' title='bbox 1089 4063 1229 4130; x_wconf 84' lang='lat' dir='ltr'>scriptoris</span> <span class='ocrx_word' id='word_1_299' title='bbox 1242 4062 1331 4129; x_wconf 89' lang='lat' dir='ltr'>ipsius</span> <span class='ocrx_word' id='word_1_300' title='bbox 1343 4078 1400 4115; x_wconf 86' lang='lat' dir='ltr'>esse</span> <span class='ocrx_word' id='word_1_301' title='bbox 1416 4063 1467 4117; x_wconf 88' lang='lat' dir='ltr'>sibi</span> 
     </span>
     <span class='ocr_line' id='line_1_36' title="bbox 225 4149 1468 4220; baseline -0.002 -15"><span class='ocrx_word' id='word_1_302' title='bbox 225 4150 431 4218; x_wconf 84' lang='lat' dir='ltr'>persuaderent,</span> <span class='ocrx_word' id='word_1_303' title='bbox 450 4168 505 4205; x_wconf 88' lang='lat' dir='ltr'>non</span> <span class='ocrx_word' id='word_1_304' title='bbox 524 4167 660 4220; x_wconf 80' lang='lat' dir='ltr'>assequor.</span> <span class='ocrx_word' id='word_1_305' title='bbox 693 4152 878 4206; x_wconf 84' lang='lat' dir='ltr'>Boehnelrium</span> <span class='ocrx_word' id='word_1_306' title='bbox 892 4151 1104 4219; x_wconf 82' lang='lat' dir='ltr'>(Forsehungeu,</span> <span class='ocrx_word' id='word_1_307' title='bbox 1122 4153 1145 4217; x_wconf 91' lang='lat'>1,</span> <span class='ocrx_word' id='word_1_308' title='bbox 1164 4149 1221 4216; x_wconf 80' lang='grc'>86),</span> <span class='ocrx_word' id='word_1_309' title='bbox 1240 4154 1272 4206; x_wconf 89' lang='lat' dir='ltr'>ut</span> <span class='ocrx_word' id='word_1_310' title='bbox 1289 4152 1344 4205; x_wconf 88' lang='lat' dir='ltr'>alia</span> <span class='ocrx_word' id='word_1_311' title='bbox 1356 4155 1468 4218; x_wconf 73' lang='lat' dir='ltr'>meeum,</span> 
     </span>
     <span class='ocr_line' id='line_1_37' title="bbox 223 4240 1467 4310; baseline -0.002 -15"><span class='ocrx_word' id='word_1_312' title='bbox 223 4240 258 4295; x_wconf 84' lang='lat' dir='ltr'>ad</span> <span class='ocrx_word' id='word_1_313' title='bbox 277 4242 442 4295; x_wconf 81' lang='lat' dir='ltr'>sententiam</span> <span class='ocrx_word' id='word_1_314' title='bbox 460 4257 537 4295; x_wconf 83' lang='lat' dir='ltr'>suam</span> <span class='ocrx_word' id='word_1_315' title='bbox 557 4242 590 4295; x_wconf 88' lang='lat' dir='ltr'>de</span> <span class='ocrx_word' id='word_1_316' title='bbox 604 4257 675 4296; x_wconf 88' lang='lat' dir='ltr'>anno</span> <span class='ocrx_word' id='word_1_317' title='bbox 688 4243 775 4295; x_wconf 87' lang='lat' dir='ltr'>natali</span> <span class='ocrx_word' id='word_1_318' title='bbox 788 4243 976 4296; x_wconf 87' lang='lat' dir='ltr'>Demosthenis</span> <span class='ocrx_word' id='word_1_319' title='bbox 989 4241 1155 4295; x_wconf 84' lang='lat' dir='ltr'>fulciendam</span> <span class='ocrx_word' id='word_1_320' title='bbox 1168 4256 1199 4296; x_wconf 88' lang='lat' dir='ltr'>eo</span> <span class='ocrx_word' id='word_1_321' title='bbox 1212 4246 1372 4310; x_wconf 79' lang='lat' dir='ltr'>argumento</span> <span class='ocrx_word' id='word_1_322' title='bbox 1386 4258 1467 4294; x_wconf 87' lang='lat' dir='ltr'>usum</span> 
     </span>
     <span class='ocr_line' id='line_1_38' title="bbox 224 4330 1468 4400; baseline 0 -17"><span class='ocrx_word' id='word_1_323' title='bbox 224 4344 282 4384; x_wconf 90' lang='lat' dir='ltr'>esse</span> <span class='ocrx_word' id='word_1_324' title='bbox 308 4345 417 4396; x_wconf 87' lang='lat' dir='ltr'>moneo,</span> <span class='ocrx_word' id='word_1_325' title='bbox 442 4330 515 4399; x_wconf 90' lang='lat' dir='ltr'>quod</span> <span class='ocrx_word' id='word_1_326' title='bbox 534 4330 699 4385; x_wconf 84' lang='lat' dir='ltr'>Plutarchus</span> <span class='ocrx_word' id='word_1_327' title='bbox 723 4331 811 4385; x_wconf 82' lang='lat' dir='ltr'>serbis</span> <span class='ocrx_word' id='word_1_328' title='bbox 835 4331 927 4400; x_wconf 69' lang='lat' dir='ltr'>inach</span> <span class='ocrx_word' id='word_1_329' title='bbox 950 4330 995 4385; x_wconf 77' lang='grc' dir='ltr'>κτλ</span> <span class='ocrx_word' id='word_1_330' title='bbox 1019 4331 1208 4397; x_wconf 75' lang='lat' dir='ltr'>Dionysiaeam</span> <span class='ocrx_word' id='word_1_331' title='bbox 1233 4333 1365 4386; x_wconf 88' lang='lat' dir='ltr'>rationem</span> <span class='ocrx_word' id='word_1_332' title='bbox 1389 4333 1468 4400; x_wconf 87' lang='lat' dir='ltr'>sequi</span> 
     </span>
     <span class='ocr_line' id='line_1_39' title="bbox 223 4418 369 4474; baseline -0.007 0"><span class='ocrx_word' id='word_1_333' title='bbox 223 4418 369 4474; x_wconf 80' lang='lat' dir='ltr'>videretur.</span> 
     </span>
    </p>

    <p class='ocr_par' dir='ltr' id='par_1_10' title="bbox 299 4507 1469 4577">
     <span class='ocr_line' id='line_1_40' title="bbox 299 4507 1469 4577; baseline -0.001 -12"><span class='ocrx_word' id='word_1_334' title='bbox 299 4507 414 4576; x_wconf 43' lang='lat' dir='ltr'>&amp;Quae</span> <span class='ocrx_word' id='word_1_335' title='bbox 433 4510 514 4564; x_wconf 80' lang='lat' dir='ltr'>verba</span> <span class='ocrx_word' id='word_1_336' title='bbox 532 4512 556 4564; x_wconf 89' lang='lat' dir='ltr'>si</span> <span class='ocrx_word' id='word_1_337' title='bbox 574 4511 615 4563; x_wconf 88' lang='lat' dir='ltr'>ita</span> <span class='ocrx_word' id='word_1_338' title='bbox 635 4509 837 4577; x_wconf 84' lang='lat' dir='ltr'>percipiuntur,</span> <span class='ocrx_word' id='word_1_339' title='bbox 862 4511 896 4562; x_wconf 84' lang='lat' dir='ltr'>ut</span> <span class='ocrx_word' id='word_1_340' title='bbox 914 4510 1121 4564; x_wconf 85' lang='lat' dir='ltr'>Demosthenem</span> <span class='ocrx_word' id='word_1_341' title='bbox 1145 4526 1217 4565; x_wconf 84' lang='lat' dir='ltr'>anuo</span> <span class='ocrx_word' id='word_1_342' title='bbox 1237 4509 1288 4563; x_wconf 82' lang='grc'>361</span> <span class='ocrx_word' id='word_1_343' title='bbox 1313 4509 1469 4565; x_wconf 85' lang='lat' dir='ltr'>vicesimum</span> 
     </span>
    </p>
   </div>
   <div class='ocr_carea' id='block_1_4' title="bbox 228 4599 1271 4674">
    <p class='ocr_par' dir='ltr' id='par_1_11' title="bbox 228 4599 1271 4674">
     <span class='ocr_line' id='line_1_41' title="bbox 228 4599 1271 4674; baseline -0.006 -15"><span class='ocrx_word' id='word_1_344' title='bbox 228 4614 334 4660; x_wconf 80' lang='lat' dir='ltr'>annum</span> <span class='ocrx_word' id='word_1_345' title='bbox 353 4602 508 4661; x_wconf 82' lang='lat' dir='ltr'>assecutum</span> <span class='ocrx_word' id='word_1_346' title='bbox 526 4615 585 4656; x_wconf 82' lang='lat' dir='ltr'>esse</span> <span class='ocrx_word' id='word_1_347' title='bbox 604 4600 725 4668; x_wconf 85' lang='lat' dir='ltr'>putetur,</span> <span class='ocrx_word' id='word_1_348' title='bbox 745 4599 822 4660; x_wconf 79' lang='lat' dir='ltr'>troile</span> <span class='ocrx_word' id='word_1_349' title='bbox 842 4599 1021 4674; x_wconf 77' lang='lat' dir='ltr'>Dionysiacos</span> <span class='ocrx_word' id='word_1_350' title='bbox 1039 4615 1128 4657; x_wconf 82' lang='lat' dir='ltr'>annue</span> <span class='ocrx_word' id='word_1_351' title='bbox 1147 4600 1271 4662; x_wconf 75' lang='lat' dir='ltr'>efficitur.</span> 
     </span>
    </p>
   </div>
   <div class='ocr_carea' id='block_1_5' title="bbox 0 0 1735 5134">
    <p class='ocr_par' dir='ltr' id='par_1_12' title="bbox 0 0 1735 5134">
     <span class='ocr_line' id='line_1_42' title="bbox 0 0 1735 5134; baseline 0 0"><span class='ocrx_word' id='word_1_352' title='bbox 0 0 1735 5134; x_wconf 95' lang='lat' dir='ltr'> </span> 
     </span>
    </p>
   </div>
  </div>
 </body>
</html>
