3442 5134
452 744 815 839 SENTENmA‘le
848 743 1324 839 CONTROVERSAX.

293 1026 315 1082 l.
336 1025 400 1099 Lys.
419 1025 440 1095 I,
458 1024 494 1082 32
508 1026 571 1098 lego
588 1021 671 1100 ἄνδρα
686 1043 735 1100 pro
752 1026 899 1100 ἄο9ρωπον.
930 1026 1049 1103 Reliqua
1065 1027 1149 1084 uerba
1164 1043 1220 1082 non
1236 1024 1370 1082 mutanda
1385 1027 1461 1087 suut.

279 1116 314 1171 II.
336 1115 400 1189 Lys.
418 1115 466 1184 IX,
484 1113 501 1171 6
517 1132 579 1171 cum
595 1114 707 1172 Relatio
724 1114 926 1182 emendandum
943 1122 998 1172 est:
1015 1120 1215 1189 europaeorum.

267 1204 316 1262 ΙΙΙ.
338 1204 402 1278 Lys.
419 1202 519 1273 XXIII,
541 1203 658 1261 tuerha
673 1210 876 1279 παραινέσαντος
894 1235 929 1246 -
947 1209 1085 1279 σκήπτοιτο
1105 1205 1272 1279 interpolata
1292 1204 1435 1275 videntur,
1457 1203 1474 1280 ξ
1490 1203 1508 1261 3

335 1299 378 1352 καὶ
393 1299 457 1351 ante
474 1299 561 1353 ἐλθὼν
575 1293 813 1368 transponendum
825 1299 870 1351 est
884 1297 948 1364 ut}
966 1294 1001 1351 10
1014 1299 1057 1352 καὶ
1072 1298 1137 1350 auto
1153 1301 1365 1368 ἀμφισβητοῦσα.

268 1385 315 1443 IV.
337 1378 369 1441 Iu
385 1387 474 1459 poetis
494 1385 618 1456 antiquis
639 1385 734 1442 critice
752 1384 930 1450 mmnsendm
951 1383 1104 1441 cavendum
1124 1388 1180 1457 cst,
1205 1401 1239 1440 ne
1261 1384 1372 1442 scholiis
1393 1385 1509 1442 nimium

337 1475 511 1532 auctoritatis
527 1475 678 1531 tribuatur.
1362 1520 1373 1548 ,

280 1565 314 1624 V.
337 1563 433 1621 Cimon
449 1582 512 1620 cum
528 1564 655 1621 ducentis
670 1565 789 1621 nauibus
801 1564 938 1638 aegytiis,
954 1565 1004 1638 qui
1019 1565 1117 1638 paucis
1129 1568 1194 1621 aute
1206 1565 1288 1621 aunis
1300 1582 1318 1621 a
1328 1564 1421 1622 Persis
1433 1563 1509 1621 defe-

337 1657 440 1723 cerant,
459 1655 561 1710 auxillo
577 1655 668 1711 missis
685 1673 710 1709 a.
727 1653 783 1710 460
798 1655 949 1727 praeesset,
967 1656 1104 1728 Areopagi
1120 1655 1182 1710 iura
1197 1655 1342 1711 imminuta
1358 1658 1433 1711 suut.

271 1742 317 1801 III.
339 1742 462 1801 Coelium
486 1745 664 1818 Antipatrum
687 1742 836 1818 primordia
859 1744 1035 1819 Hannibalici
1058 1744 1138 1817 belli,
1167 1743 1297 1817 Saguntii
1321 1746 1509 1802 obsessionem

337 1834 557 1906 Hannibalisque
574 1836 602 1889 in
619 1834 728 1890 Italiam
749 1833 913 1903 adventum,
939 1834 1157 1908 Saguntinorum
1171 1833 1411 1906 Romanorumque
1430 1834 1510 1906 lega·
1563 1908 1565 1911 ι

227 1995 229 1999 .
337 1924 427 1982 tiones
443 1924 570 1983 consulto
586 1925 765 1993 contraxisse,
783 1923 890 1993 Livius,
906 1923 968 1994 Dio,
986 1923 1130 1998 Appianus
1146 1923 1255 1981 docent.
1567 1914 1569 1917 ’

782 2225 997 2234 ...-—-———-

714 2462 1050 2578 'vuum

361 2769 476 2827 Carolus
488 2767 641 2825 Guilelmus
654 2766 767 2824 Sturm
779 2771 862 2827 natus
874 2783 935 2827 sum
948 2765 1067 2823 Beroliui
1079 2763 1124 2820 die
1136 2764 1249 2821 XXVIII
1259 2765 1386 2821 ianuarii
1399 2782 1425 2821 a.
1442 2763 1515 2822 1859

271 2864 349 2934 petre
366 2858 504 2916 Friderice
521 2862 606 2914 matre
619 2858 748 2930 Augusta
764 2873 778 2911 e
794 2861 876 2930 geute
892 2853 1067 2930 Lamprecht,
1085 2856 1187 2926 quibus
1204 2855 1294 2912 adhuc
1310 2853 1513 2929 superstitibus

272 2949 512 3005 vehementissime
529 2946 646 3020 gaudeo.
682 2944 750 3003 Fide
766 2947 914 3005 institutus
930 2962 991 3002 sum
1008 2944 1177 3016 euangelica.

362 3038 428 3094 Inde
445 3038 481 3093 ab
497 3042 629 3093 autumno
646 3055 671 3092 a.
692 3034 762 3092 1868
777 3036 951 3109 gymnasium
968 3032 1185 3090 Fridericiauum
1202 3032 1414 3106 frequentitari,
1437 3032 1514 3106 quod

272 3134 331 3185 tum
344 3129 455 3185 Kreehil
468 3144 542 3183 nunc
555 3127 672 3200 llemplii
684 3127 818 3198 auspiciis
830 3125 916 3181 lloret.
942 3124 1109 3180 Maturitatis
1121 3124 1310 3179 tostImouium
1322 3122 1368 3179 die
1380 3121 1407 3183 t.
1422 3123 1514 3180 liertii

273 3238 298 3274 a.
316 3217 385 3275 1877
402 3217 521 3292 adeptus
537 3217 644 3275 civibus
659 3216 851 3273 Universitatis
863 3214 1017 3271 Friderieac
1029 3213 1181 3270 Guilelmae
1194 3213 1379 3268 Beroliueusis
1394 3213 1447 3269 rite
1463 3211 1514 3268 ad·

273 3310 396 3381 scriptus
413 3326 481 3364 sum.
516 3307 574 3363 Per·
584 3307 669 3363 octies
685 3322 733 3363 sex
753 3321 861 3363 meuses
883 3304 986 3363 sehoIIs
1005 3303 1121 3375 interlui
1142 3302 1356 3359 clarissimorum
1377 3302 1513 3359 uirorum:

274 3398 396 3466 Curtius,
420 3398 439 3453 I.
459 3397 492 3454 G.
510 3396 644 3470 Droysem
665 3396 700 3452 II.
718 3395 849 3468 Droyseu,
870 3394 978 3463 llarms,
1000 3394 1139 3462 Huebuer,
1163 3393 1283 3465 lliepert,
1309 3393 1342 3447 Α.
1359 3391 1512 3460 Knchhoff,

273 3489 433 3556 Mommsen,
450 3484 573 3554 Nitzseh,
592 3485 705 3554 hubert,
728 3483 807 3554 Seel,
828 3482 863 3542 de
879 3483 1048 3550 Treitschlue,
1066 3481 1182 3551 Vahlen,
1200 3481 1391 3550 wattenbach,
1413 3481 1511 3537 Zeller.

275 3577 380 3646 Quibus
396 3577 462 3632 virts
479 3593 540 3631 cum
558 3575 686 3631 omnibus
702 3575 807 3646 gratias
824 3590 876 3646 ugo
897 3579 956 3629 tum
977 3572 1110 3628 maximas
1126 3572 1269 3627 Huebnero
1290 3576 1318 3626 et
1333 3570 1510 3636 llirchhoifio,

275 3669 322 3739 qui
343 3672 376 3731 ut
394 3666 584 3740 philologieis,
609 3665 642 3721 Η.
661 3664 800 3736 Droysene
816 3663 980 3719 llommseno
995 3660 1136 3719 Nitasehio
1157 3663 1206 3734 qui
1225 3666 1258 3717 ut
1277 3660 1416 3717 historicis
1437 3675 1512 3716 exer-

275 3757 453 3813 citationibus
469 3758 632 3825 interessem
647 3754 767 3826 bouigne
783 3756 988 3810 concesserunt.
1046 3796 1048 3799 .

637 4546 706 4598 'lypis
720 4545 828 4595 eremum
842 4546 866 4588 L.
880 4545 1033 4593 &henschen
1048 4542 1151 4585 berolini.
1265 4568 1267 4573 ,
