3442 5134
741 332 963 408 ..15¹-

232 523 312 591 libet
331 524 413 591 ratio
436 545 508 592 oum
530 523 649 591 scelere
670 521 728 589 illo
751 523 856 604 fuerit,
881 522 1165 590 vehementissimis
1189 522 1339 589 divinitus
1354 520 1475 608 suppli-

232 632 288 698 ciis
311 631 470 718 perculsos
494 653 572 698 esse.
613 630 728 709 Quodsi
752 630 923 697 Philomeli
939 629 1161 718 Onomarohi¹)
1177 629 1308 717 Phaylli
1323 629 1473 696 Phalaeoi

232 740 335 806 exitus
359 739 400 805 ad
423 738 551 805 deornm
574 738 726 805 ultionem
750 738 1027 806 demonstrandam
1050 739 1166 823 singuli
1189 740 1335 826 deinceps
1360 738 1475 805 descri-

233 847 358 928 buntur,
382 846 577 914 Philomelus
600 847 800 913 hauddubie
823 849 857 912 in
880 846 1052 933 ἱεροσύλων
1074 868 1202 914 numero
1226 847 1399 914 aDiodoro
1413 846 1475 913 ‘vel

233 956 300 1020 eius
323 960 449 1021 auctore
473 957 608 1042 ponitur.
643 954 773 1021 Minime
795 974 870 1021 vero
894 975 966 1021 cum
987 954 1114 1021 Haahio
1123 957 1149 1040 ²)
1174 955 1271 1021 verba
1294 955 1311 1019 ὁ
1334 957 1393 1037 μὲν
1415 956 1474 1040 γὰρ

232 1063 423 1145 ἁρχιτέκτων
447 1062 710 1148 τῆςκσιταλήψεως
734 1064 789 1127 τοῦ
811 1061 896 1147 λεροῦ
918 1063 967 1127 ita
989 1064 1089 1148 premi
1111 1061 1198 1145 licet,
1222 1066 1258 1128 ut
1280 1061 1475 1128 Philomelus

232 1187 271 1232 cx
293 1166 460 1254 ἱεροσύλων
475 1171 626 1236 societate
642 1168 759 1235 diserte
775 1170 871 1235 eximi
886 1172 1024 1256 putetur,
1048 1170 1103 1236 sed
1120 1170 1192 1244 τοὺς
1207 1174 1476 1256 προςαψαμένους

233 1277 289 1361 τῆς
309 1275 483 1362 ἱεροσυλλοις
501 1275 768 1344 Lacedaemonios
783 1275 1006 1359 Athenienses
1028 1275 1236 1347 Phocensium
1260 1277 1372 1344 ducum
1394 1298 1475 1343 mer-

233 1384 372 1450 cenarios
399 1382 629 1468 intellegendos
652 1405 720 1451 csse
743 1385 884 1471 quisquis
907 1405 932 1450 c.
957 1387 1090 1451 61-64
1117 1387 1184 1451 sine
1213 1385 1357 1472 opinione
1384 1407 1476 1472 prae-

233 1495 360 1577 sumpta
383 1490 568 1578 perlegerit,
604 1491 756 1558 facillime
789 1491 965 1576 intelleget.
1016 1491 1122 1578 Atque
1149 1492 1228 1558 haec
1255 1495 1474 1580 interpretatio

232 1600 336 1684 capite
352 1602 395 1665 30
412 1601 530 1686 optime
546 1599 758 1683 confirmatur,
782 1601 869 1666 cuius
885 1600 988 1667 verbis
1003 1598 1215 1666 Philomelum
1230 1600 1386 1688 templum
1402 1622 1474 1688 spo-

233 1706 331 1775 liasse
356 1706 590 1773 evidentissime
613 1706 775 1790 evincitur,
799 1729 899 1794 neque
922 1708 1025 1775 minus
1048 1729 1129 1795 quaa
1146 1708 1185 1774 de
1200 1707 1330 1795 reliquis
1346 1708 1475 1776 ducibus

236 1816 270 1879 in
294 1815 443 1880 continua
465 1813 544 1880 belli
566 1817 745 1882 narratione
769 1818 833 1883 suis
848 1815 927 1882 locis
942 1814 1069 1903 prolata
1083 1820 1166 1898 sunt,
1191 1832 1262 1882 cum
1278 1837 1303 1883 c.
1323 1820 1361 1881 cl
1381 1815 1474 1903 plane

186 1936 191 1945 ’
234 1922 443 1988 consentiunt.
483 1920 544 1986 Vix
568 1923 652 1988 enim
676 1923 871 2007 crediderim,
895 1923 1008 1990 Pachii
1029 1925 1268 1991 ratiocinatione
1292 1925 1476 2012 perductum

233 2049 423 2115 quemquam
435 2030 469 2095 in
481 2031 498 2115 ξ
513 2032 532 2094 2
546 2029 715 2096 offendere:
729 2031 960 2118 (Ὀνόμαρχος)
971 2032 1051 2114 μετὰ
1065 2034 1125 2095 τῶν
1136 2035 1476 2118 συμπαραταξαμένων

231 2136 266 2199 ἕν
285 2138 443 2218 Θετταλίᾳ
462 2141 598 2202 Φωκέων
620 2140 674 2203 καλ
695 2139 909 2226 μισθοφόρων
932 2140 1124 2214 κατοικοπὲις
1138 2140 1336 2225 ἐσταυρώθη.
1372 2139 1477 2214 Verba

232 2246 316 2309 enim
340 2262 366 2309 c.
385 2245 438 2325 35,
456 2251 474 2308 6
498 2247 584 2320 τέλος
606 2246 642 2310 δὲ
665 2250 727 2311 τῶν
745 2250 881 2312 Φωκέων
904 2247 957 2311 καὶ
970 2248 1184 2335 μισθοφόρων
1198 2248 1403 2339 ᾆνῃρέένησαν
1418 2249 1477 2332 μὲν
1573 2234 1575 2238 ³

231 2348 314 2435 ὑπὲρ
338 2349 409 2424 τοὺς
426 2351 668 2432 ἑξακισχιλίους,
690 2353 726 2417 ἕν
749 2352 794 2428 οἷς
815 2353 855 2439 ἦν
878 2354 931 2418 καὶ
947 2353 1045 2429 αὐτὸς
1060 2354 1077 2418 ὁ
1093 2356 1263 2441 στρατηγὸς
1278 2357 1403 2421 omnino
1419 2377 1476 2423 nos

233 2460 357 2537 vetant,
392 2455 645 2545 ePausania³),
682 2460 767 2526 cuius
799 2459 947 2528 relationi
974 2460 1039 2527 Xh
1065 2460 1153 2528 Paok
1180 2463 1295 2528 mirum
1323 2466 1476 2549 quantum

232 2565 431 2631 auctoritatis
454 2566 496 2631 ad
511 2566 643 2632 Dicdori
659 2568 762 2633 fontes
777 2567 971 2651 indagandos
987 2569 1108 2651 tribuit,
1129 2569 1259 2635 Diodori
1276 2570 1372 2636 verba
1388 2593 1475 2652 sana,

232 2671 323 2737 nulla
346 2672 564 2739 emendatione
588 2675 714 2756 egentia
736 2679 858 2742 mutare
884 2676 978 2761 (μετὰ
1001 2676 1033 2740 ‘m
1056 2675 1148 2762 ὑπὸ).
1185 2676 1266 2755 Quin
1280 2679 1378 2761 igitur
1392 2678 1476 2744 idem

234 2783 357 2858 auctor,
388 2777 489 2865 dequo
512 2800 539 2845 c.
565 2783 709 2864 28-33,
734 2784 867 2848 35-40
891 2781 1076 2869 desumpsit,
1100 2785 1215 2850 iterum
1238 2807 1258 2850 a
1281 2785 1419 2852 Diodoro
1442 2787 1476 2852 in

233 2905 324 2950 usum
359 2890 489 2952 vocatus
517 2887 574 2969 sit,
610 2886 749 2954 dubitari
775 2910 837 2955 non
866 2893 982 2976 potest.
1029 2889 1092 2956 Sed
1119 2890 1184 2957 alia
1206 2895 1269 2958 tria
1292 2898 1476 2976 argumenta

232 2995 354 3074 extant,
379 3009 459 3078 quae
480 3014 542 3060 non
565 2995 667 3061 solum
690 2996 783 3063 illurn
806 3001 966 3063 auctorem
989 2998 1022 3063 in
1045 2997 1105 3064 hac
1129 3019 1251 3084 quoque
1267 3005 1365 3087 -parte
1388 3022 1476 3067 usur-

232 3104 445 3184 peternesse,
474 3100 530 3168 sed
554 3107 713 3170 auctorem
736 3126 756 3170 a
780 3125 805 3171 c.
831 3107 965 3170 56—60
988 3126 1115 3192 prorsus
1138 3105 1274 3173 alienum
1299 3108 1475 3174 adhibitum
1572 3185 1574 3188 y

233 3227 302 3273 esse
327 3208 407 3273 satis
430 3207 566 3275 dilucide
590 3211 754 3278 ostendere
777 3213 856 3278 mihi
879 3212 1034 3279 videntur.
1074 3212 1217 3279 Primum
1239 3216 1323 3280 enim
1339 3215 1377 3282 de
1392 3215 1476 3281 Pha

232 3313 314 3382 laeci
337 3317 423 3381 exitu
446 3318 528 3383 inter
551 3339 577 3384 c.
603 3321 645 3384 59
670 3325 703 3386 et
727 3323 766 3385 61
793 3342 910 3404 magna
932 3321 1085 3388 dissensio
1108 3326 1166 3388 est.
1207 3322 1355 3406 Legimus
1376 3325 1473 3389 onim:

276 3423 309 3488 in
332 3443 358 3489 e.
386 3424 473 3506 59‚3
925 3430 959 3494 in
981 3448 1007 3494 c.
1033 3432 1121 3512 61,4

276 3528 368 3604 οὗτος
389 3532 449 3614 μὲν
471 3532 678 3608 ὑπόσπονδος
700 3538 744 3608 εἰς
770 3535 826 3620 τὴν
925 3534 1018 3610 choos
1030 3538 1092 3623 γὰρ
1107 3538 1187 3620 μετὰ
1209 3539 1265 3622 τὴν
1279 3538 1313 3600 ἐκ
1330 3541 1383 3624 τῆς
1398 3542 1433 3602 αἰ
1455 3579 1473 3587 -

231 3638 480 3724 Πελοπόννησον
518 3640 706 3727 ἀπεχώρησε
744 3644 824 3724 μετὰ
878 3644 1040 3726 μαλωσίας
1062 3644 1167 3729 φυγὴν
1181 3646 1261 3727 μετὰ
1278 3648 1339 3708 τῶν
1353 3650 1473 3727 prodo·
1508 3724 1511 3727 Ι

233 3748 295 3807 τῶν
316 3742 528 3832 μισθοφόρων
550 3748 615 3811 κτλ.
880 3747 988 3838 φόρων
1023 3752 1057 3815 τὸ
1091 3751 1151 3834 μὲν
1183 3756 1310 3838 πρῶτον
1340 3752 1473 3839 διέτριβε

878 3860 953 3945 περὶ
976 3859 1032 3943 τὴν
1054 3858 1302 3944 Πελοπόννησον
1325 3859 1390 3922 κτλ.
1454 3902 1465 3915 κ

322 3954 515 4024 Phalaecum
537 3960 578 4026 ab
601 3983 662 4028 uno
686 3962 856 4050 eodemque
881 3967 1007 4030 auctore
1031 3964 1094 4030 alio
1117 3965 1186 4032 loco
1202 3969 1295 4051 pacto
1312 3985 1382 4031 oum
1397 3964 1473 4032 Phi-

190 4056 200 4067 '
232 4061 322 4149 lippo
338 4064 401 4129 icto
417 4065 451 4130 in
461 4064 713 4154 Peloponnesum
728 4073 891 4156 migrasse,
908 4071 971 4138 alio
987 4093 1005 4139 e
1021 4074 1207 4159 captivitato
1222 4074 1338 4156 firgisse
1354 4073 1472 4140 dietum

304 4334 325 4456 ζ)
345 4338 396 4392 Hic
414 4323 525 4408 quoque
544 4339 727 4397 Onomarohus
746 4344 890 4400 Philomeli
909 4346 992 4401 frater
1011 4346 1078 4402 falso
1098 4349 1261 4416 appellator.

366 4470 372 4482 .
393 4430 436 4484 50.

302 4426 326 4584 ’l
345 4446 460 4573 dronae
479 4522 530 4574 ὑπὸ
548 4526 600 4576 τῶν
618 4529 783 4592 στρατιωτῶν
801 4528 990 4596 κοπρκοντιλπλη
1009 4526 1060 4587 rba
1079 4529 1179 4582 οἰκείων
1196 4526 1250 4581 κτλ.
