3442 5134
718 399 760 441 ,-
809 336 941 424 11’-

210 541 263 611 rel
296 543 432 609 auctoris
467 542 533 608 eius
568 541 726 608 sententia
759 561 884 607 saormn
918 538 1039 605 bellum
1070 537 1293 622 sacrilegorum
1321 538 1452 604 interitu

211 650 337 717 demum
361 649 580 737 (Archidamil
609 650 648 716 cf.
678 670 703 716 o.
734 652 793 730 88,
814 650 847 733 4)
883 649 1006 714 finitum
1030 668 1097 714 esse
1133 647 1281 731 colligere
1316 645 1451 713 audeat?

210 759 321 845 Neque
348 759 450 841 magis
478 757 641 844 probabile
669 762 732 840 est,
762 757 802 823 ab
831 761 957 823 auctore
985 762 1120 831 πίνακος
1148 755 1234 822 illius
1261 758 1294 822 in
1322 756 1478 842 reliquis

212 865 455 949 diligentissimi,
481 887 550 932 cum
574 865 693 932 bellum
715 867 818 952 ipsum
841 887 940 952 usque
964 865 1005 930 ad
1028 864 1151 930 cladem
1162 863 1369 931 Phocensium
1398 885 1454 950 per

213 974 321 1040 decem
349 993 446 1040 annos
474 972 707 1060 aDemophile
735 976 898 1039 narratum
925 973 1111 1054 invenisset,
1145 973 1201 1058 τὴν
1229 973 1364 1058 φθορὰν
1392 975 1454 1035 τῶν

213 1083 467 1165 διανειμαμένων
483 1083 522 1145 τὰ
537 1080 606 1168 ἱερὰ
627 1079 772 1168 χρήματα
793 1080 956 1148 undecimo
973 1101 1054 1147 anno
1070 1080 1258 1146 attributam
1274 1100 1352 1146 esse.
1392 1079 1454 1145 Sed

212 1210 275 1256 non
298 1189 400 1256 solum
428 1193 567 1276 tempus,
596 1210 657 1276 quo
686 1189 806 1255 bellum
829 1187 1020 1276 Demophilo
1049 1192 1176 1256 auctore
1204 1193 1363 1275 coeptum,
1393 1208 1454 1275 quo

214 1298 337 1364 finitum
361 1300 412 1380 sit,
437 1297 567 1364 Diodori
590 1298 694 1364 verbis
718 1298 874 1380 docemur,
899 1297 955 1365 sed
978 1300 1076 1364 etiam
1099 1297 1185 1363 aliud
1208 1297 1283 1382 quid
1306 1297 1408 1364 adhuc
1436 1319 1456 1363 a

215 1407 290 1473 viris
314 1406 423 1488 doctis,
447 1410 484 1472 ut
506 1407 640 1488 videtur,
666 1409 791 1473 omnino
814 1405 1008 1490 neglectum:
1044 1406 1193 1491 Legimus
1216 1398 1310 1488 edim,
1340 1406 1455 1473 Demo-

214 1513 337 1601 philum
360 1515 418 1581 sub
443 1534 524 1580 anno
550 1515 656 1597 105,4
678 1535 740 1581 non
763 1514 865 1580 solum
888 1514 1001 1601 templi
1025 1516 1258 1600 occupationem
1282 1514 1455 1581 sedetiam

214 1622 436 1710 spoliationem
470 1624 647 1688 narravisse
658 1624 698 1707 ¹),
728 1620 811 1709 quod
836 1622 966 1688 verbum
993 1623 1054 1687 nisi
1076 1619 1164 1687 Pack
1191 1623 1456 1708 praetermisisset

213 1751 386 1816 numquam
411 1729 451 1795 ad
480 1731 673 1796 coniecturas
701 1729 762 1795 sibi
789 1731 868 1817 ipsis
894 1734 1105 1816 repugnantes
1133 1730 1331 1813 confugisset.
1379 1729 1457 1795 Fra

216 1839 337 1920 gmenti
359 1839 443 1903 enim
466 1836 552 1903 illius
577 1836 618 1901 ab
641 1836 806 1903 Athenaeo
829 1836 873 1902 Vl
895 1858 926 1923 p.
953 1839 1054 1903 1321
1084 1859 1122 1903 ex
1144 1836 1263 1924 Ephori
1291 1837 1373 1904 libro
1400 1840 1456 1902 tri-

216 1947 331 2012 cesimo
355 1947 495 2031 excerpti
502 1948 529 2031 ²)
547 1943 677 2033 (Miller
700 1945 737 2011 ir.
763 1944 793 2010 11.
816 1966 861 2027 gr.
882 1948 962 2031 155)
979 1946 1076 2012 verba
1090 1948 1138 2011 ita
1152 1947 1353 2032 interpretari
1369 1945 1456 2011 nullo

215 2051 307 2118 modo
323 2052 408 2133 licet,
426 2058 461 2119 ut
477 2073 548 2120 cum
563 2056 678 2119 notitia
693 2053 751 2119 illa
767 2053 805 2119 de
818 2054 1009 2141 Demophilo
1025 2053 1193 2120 aDiodoro
1209 2054 1328 2122 hadita
1341 2058 1410 2141 (14,
1424 2057 1456 2141 3)

215 2165 249 2226 et
276 2180 346 2227 cum
373 2160 504 2227 Diodori
531 2163 629 2248 ipsius
662 2163 843 2228 narratione
879 2165 1054 2229 consentire
1088 2162 1264 2229 videantur.
1316 2160 1457 2227 Primum

215 2271 309 2350 enim,
339 2270 367 2335 si
390 2268 603 2336 Onomarchus
625 2268 781 2357 Phayllus
803 2268 981 2338 Phalaecus
1004 2273 1110 2338 omnia
1136 2275 1170 2336 et
1191 2268 1391 2355 ἀναθήματα
1425 2275 1458 2336 01

216 2372 361 2463 χρήματα
388 2397 405 2442 0
432 2377 553 2464 templo
582 2378 751 2445 abstulisse
780 2379 970 2461 dicerentur,
1005 2376 1202 2446 Philomelus
1230 2379 1326 2462 igitur
1357 2398 1458 2464 neque

216 2485 364 2570 pecunias
391 2506 492 2571 neque
520 2485 603 2552 dona
629 2507 720 2554 sacra
747 2487 900 2574 spoliasse
929 2487 1207 2571 sgnifieareturr),
1232 2491 1265 2552 et
1293 2506 1319 2552 c.
1351 2489 1407 2566 14,
1430 2493 1457 2564 3,

216 2591 299 2677 quod
322 2594 544 2675 marusimum
568 2596 627 2676 est,
652 2599 686 2660 et
708 2615 733 2661 c.
760 2596 803 2661 30
828 2598 902 2681 (61)
927 2595 1024 2663 verba
1046 2594 1297 2682 obloquerentur.
1338 2594 1459 2659 Deinde

217 2702 245 2765 si
269 2700 307 2762 τοὶ
331 2696 467 2763 ἅπαντα
489 2701 536 2765 ita
557 2703 780 2788 percipiuntur,
803 2708 840 2767 ut
860 2700 1060 2787 ἀναθήματα
1076 2701 1303 2768 subaudiantur
1320 2741 1361 2749 -
1378 2722 1459 2787 quae

218 2807 438 2892 interpretatio
454 2806 525 2872 sola
539 2812 627 2873 recta
642 2808 720 2874 mihi
735 2809 874 2892 videtur3
891 2811 1027 2896 primum
1039 2812 1122 2876 enirn
1134 2831 1215 2897 quae
1231 2809 1461 2896 subsequuntur

217 2913 315 2980 verba
338 2913 377 2980 de
400 2913 466 2980 alia
487 2934 522 2980 re
545 2921 641 3001 atque
663 2914 873 3003 ἀναθήμασιν
896 2919 1035 3001 cogitare
1055 2922 1252 2984 noscebant:
1276 2917 1357 2983 nihil
1373 2915 1460 2982 aliud

217 3020 426 3108 Demophilus
454 3020 535 3087 dixit
565 3043 647 3101 ,non
681 3022 784 3090 solum
813 3023 1041 3106 OnomarehuS,
1077 3024 1247 3112 Phayllus,
1283 3023 1459 3091 Phalaecus

217 3132 323 3195 omnia
345 3126 544 3214 ἀναθήματα
567 3130 776 3214 abstulerunt,
801 3131 857 3199 sed
874 3134 972 3198 etiam
987 3134 1134 3217 coniuges
1149 3154 1256 3200 eorum
1272 3152 1363 3199 sacra
1378 3132 1460 3197 dona

217 3238 423 3320 attigerunt«,
448 3236 559 3304 deinde
583 3238 642 3306 hac
664 3239 734 3306 sola
748 3241 1008 3327 interpretatione
1024 3242 1168 3324 efficitur,
1193 3248 1229 3308 ut
1244 3241 1350 3327 aliquo
1366 3240 1459 3305 modo

220 3345 392 3428 fragmenti
427 3346 523 3411 verba
545 3367 616 3412 cnm
646 3346 777 3413 Diodori
805 3350 879 3433 (14,
900 3349 933 3433 3)
967 3331 1083 3414 notitia
1116 3351 1296 3432 congruant.
1348 3347 1460 3433 Itaque

217 3452 407 3540 Demophilo
421 3459 547 3521 auctore
567 3453 763 3521 Philomelus
787 3456 826 3519 rot
849 3454 919 3541 ἱερὰ
942 3453 1088 3541 χρήματα
1111 3455 1264 3543 spoliasse
1288 3455 1412 3520 videtur
1420 3456 1456 3540 ⁴).

294 3653 314 3722 ¹)
334 3656 524 3725 Volquardsen
547 3673 575 3724 p.
601 3655 616 3707 7
641 3656 670 3709 in
690 3655 800 3709 Diodori
822 3657 963 3710 verborum
983 3658 1154 3710 conversione
1174 3674 1257 3710 unum
1277 3657 1328 3709 1100
1347 3657 1459 3709 verbum

220 3746 385 3817 ,αολήοεας“
413 3746 607 3813 praetermisit,
633 3745 705 3798 Pacis
726 3746 835 3799 Diodori
861 3746 941 3799 rerba
960 3748 1107 3801 rectissime
1126 3748 1155 3799 in
1175 3749 1329 3800 0011011111
1349 3746 1458 3813 recepit,

217 3836 264 3890 sed
284 3836 419 3907 σολὴσειος
437 3836 510 3889 verbi
529 3838 633 3888 nullam
654 3836 751 3889 habuit
769 3837 909 3889 rationem.

291 3926 322 3977 11
342 3925 435 3978 eodem
455 3925 564 3979 Diodori
583 3927 642 3979 1000
663 3926 787 3990 affertur,
806 3925 1000 3981 Callisthenem
1020 3926 1159 3980 Helleniea
1177 3942 1227 3979 sua
1245 3925 1281 3979 ad
1300 3927 1395 3994 templi
1416 3942 1459 3980 oe·

219 4015 392 4083 cupationem
412 4019 441 4068 et
458 4016 647 4085 spoliationem
666 4016 823 4085 perduxisse
843 4043 878 4052 -
897 4034 960 4071 nam
982 4018 1059 4072 aliud
1082 4019 1100 4087 ἡ
1125 4019 1275 4086 παρανομία
1298 4031 1352 4071 101
1378 4018 1460 4085 signi·

218 4106 349 4161 11001011.
371 4105 441 4169 61,1
461 4108 645 4174 -,Di511um
665 4123 682 4160 a
700 4109 794 4176 templi
813 4109 976 4176 spoliatione
994 4109 1145 4176 proiectum
1165 4123 1229 4161 esse.

289 4195 317 4262 2)
336 4192 498 4269 Ὀνόμαρχος
515 4199 557 4251 καὶ
578 4197 696 4259 Φάυλλος
714 4199 756 4251 καὶ
777 4196 906 4260 Φάλαικος
924 4199 956 4252 οὐ
976 4198 1056 4263 μόνον
1075 4198 1175 4252 ἅπαντα
1194 4198 1227 4252 τὰ
1246 4201 1294 4252 τοῦ
1315 4198 1383 4251 θεοῦ
1402 4198 1462 4260 dfe·

216 4289 335 4353 κόμισαν,
355 4287 424 4341 ἀλλὰ
443 4290 473 4341 τὸ
492 4289 640 4343 τελευταῖον
658 4290 822 4357 circuatur
841 4288 928 4342 αὐτῶν
944 4289 998 4343 κτλ.

290 4375 313 4443 ')
335 4378 407 4432 Pack
426 4396 452 4446 p.
474 4379 525 4432 196
540 4380 724 4441 „Philomelus
744 4378 810 4431 vird
829 4381 886 4433 also
906 4378 1097 4433 ausdrriclrlich
1116 4394 1176 4432 vom
1189 4379 1383 4448 Tempalraube
1396 4394 1457 4432 aus·

218 4484 385 4538 genommen,
405 4469 602 4537 entsprechend
621 4484 643 4523 0.
665 4468 731 4522 56“1

290 4553 312 4623 ⁴)
331 4559 459 4626 Polyacn.
480 4560 512 4623 V,
532 4559 581 4614 462
609 4563 663 4620 τοῖς
681 4561 764 4628 tapete
777 4558 912 4630 χρήμασιν
930 4559 1024 4628 ἀνέδην
1042 4557 1241 4629 ἀποχρώμενος.

1208 4665 1225 4719 2
1231 4665 1246 4696 0
