3442 5134
766 351 898 419 ,·55
945 392 986 401 -

223 520 229 527 ’
257 532 355 599 verbe
378 554 397 598 a
417 531 580 599 Demetrio
603 534 672 620 ipso
696 553 734 598 ex
755 531 921 620 Hermippi
946 531 1027 599 libro
1050 537 1178 619 recepta
1201 536 1234 598 et
1256 530 1402 599 insuam
1425 526 1495 598 sen·

256 643 391 709 tentiam
414 646 539 709 mutata
561 643 593 707 in
617 642 825 728 archetypum
848 640 1100 709 PsPlutarcheae
1124 643 1209 707 vitae
1235 644 1395 707 venerunt.

347 748 516 815 Platonem
547 748 772 815 Demosthenis
806 753 1042 836 praeceptorem
1077 750 1173 816 fuisse
1207 750 1240 815 in
1275 748 1339 816 alio
1373 768 1496 835 quoquc

257 858 444 940 fragmento,
469 855 553 943 quod
576 855 617 922 ad
640 862 782 922 nostram
803 842 1020 944 quaestionem
1037 860 1151 923 summi
1167 857 1313 944 ponderis
1328 860 1388 937 est,
1413 876 1496 922 ccm-

257 968 464 1031 memoratum
488 967 673 1032 invenimus.
721 963 780 1030 Est
801 966 1001 1031 notissimum
1026 962 1106 1031 illud
1135 964 1281 1031 aGellio
1305 965 1345 1030 N.
1370 965 1410 1030 A.
1435 963 1495 1044 III,

260 1076 301 1141 13
328 1077 501 1155 servatum,
530 1076 594 1155 cui,
624 1092 817 1160 quamquam
843 1094 907 1138 non
935 1076 1060 1139 constet
1086 1095 1183 1160 quam
1210 1078 1356 1140 accurate
1385 1090 1499 1156 graeca

240 1179 355 1248 ·verba
377 1180 562 1262 reddiderit,
591 1185 699 1246 tamen
722 1185 759 1246 ut
781 1182 872 1247 unico
895 1181 971 1247 testi
998 1179 1076 1246 tides
1103 1200 1165 1246 non
1194 1181 1377 1264 abroganda
1403 1184 1453 1246 ast
1462 1181 1496 1266 ¹).

258 1289 333 1355 Tria
355 1290 395 1354 ab
419 1288 778 1375 Hermippo'docemur,
804 1287 1051 1355 Demosthenem
1075 1288 1243 1355 admodum
1268 1287 1499 1355 adulescentem

259 1396 426 1463 Platonem
454 1396 562 1463 audire
590 1395 719 1463 solitum
748 1417 830 1478 esse,
860 1396 916 1463 sed
939 1395 1117 1463 Callistrati
1146 1398 1287 1462 oratioue
1310 1399 1344 1462 iu
1368 1395 1501 1482 Oropica

260 1527 354 1573 causa
381 1505 494 1571 habita
521 1527 541 1572 a
569 1504 771 1593 philosophia
799 1505 839 1571 ad
868 1503 1067 1591 eloquentiae
1095 1504 1234 1570 studium
1270 1504 1433 1570 deflexisse
1467 1507 1501 1569 et

260 1612 481 1680 Callistratum
503 1615 607 1700 ipsum
630 1614 744 1680 sectari
769 1616 919 1701 coepisse.
960 1610 1045 1691 Quae
1068 1612 1305 1679 narratiuncula
1323 1616 1501 1698 temporum

260 1723 434 1789 rationibus
450 1743 513 1788 non
527 1743 705 1808 repugnans
713 1724 740 1808 ²)
758 1722 841 1809 apud
858 1722 1015 1788 neminem
1039 1721 1283 1807 biograpborum
1306 1720 1417 1786 eadem
1440 1739 1504 1804 qua

166 1890 168 1895 ,
261 1829 344 1917 apud
368 1829 508 1897 Gellium
531 1829 649 1921 legitur
672 1831 774 1895 forma
798 1834 898 1895 extat.
945 1829 1091 1896 Proxime
1114 1828 1256 1895 Zosimus
1284 1827 1420 1908 accedit,
1448 1829 1503 1914 qui

261 1941 336 2019 1198,
363 1940 405 2005 38
427 1959 474 2025 sq.
492 1937 739 2004 Demosthenem
753 1936 883 2003 Platoni
899 1957 1026 2023 operam
1042 1936 1176 2018 dedisse,
1202 1935 1380 2002 Callistrati
1396 1940 1503 2001 autem

261 2046 404 2133 exemplo
434 2045 611 2132 perculsum
636 2045 838 2133 eloquentiae
867 2065 935 2111 sese
964 2044 1087 2111 dedisse
1115 2066 1194 2111 uuus
1222 2047 1361 2110 omnium
1394 2045 1502 2126 refert,

260 2154 315 2221 sed
338 2153 417 2221 nihil
438 2153 477 2220 de
493 2175 589 2220 causa
605 2153 748 2240 Oropica,
772 2153 853 2220 nihil
869 2153 907 2219 de
922 2152 1135 2219 Demosthene
1153 2151 1332 2219 Callistrati
1347 2155 1503 2218 sectatore

261 2266 497 2329 commemorat.
537 2261 665 2348 Erravit
687 2283 760 2328 vcro
777 2260 936 2347 Lozynski
957 2265 1002 2349 (p.
1022 2264 1075 2343 43,
1102 2264 1182 2347 117)
1198 2261 1282 2349 quod
1297 2259 1504 2327 Plutarchum

261 2370 293 2433 in
317 2389 342 2435 c.
370 2368 388 2433 5
414 2389 483 2435 cum
508 2366 654 2434 Gelliano
683 2368 751 2435 loco
778 2366 898 2435 collata
921 2367 1088 2455 Hermippi
1116 2371 1216 2434 vitam
1245 2369 1285 2434 ob
1313 2367 1420 2435 oculos
1447 2368 1505 2433 ba·

262 2477 366 2542 baisse
383 2477 588 2557 existimavit,
613 2497 708 2562 quam
724 2476 913 2543 seutentiam
931 2474 1001 2542 Car.
1020 2474 1154 2542 Mueller
1177 2478 1229 2559 (fr.
1247 2476 1278 2542 h.
1296 2498 1342 2560 gr.
1360 2475 1419 2559 III,
1446 2477 1504 2562 50)

262 2587 396 2672 recepit,
426 2583 555 2670 Haugl)
584 2583 695 2671 cupide
720 2586 867 2671 arripuit,
898 2584 1116 2670 Scbeurlcer⁴)
1146 2589 1179 2651 et
1199 2584 1351 2651 Gebhard
1374 2588 1419 2672 (p.
1447 2586 1504 2669 ll)

263 2692 488 2780 probaverunt,
524 2712 656 2778 quorum
690 2691 741 2758 hic
770 2691 976 2759 Plutarchum
1004 2691 1172 2778 Hermippi
1206 2693 1349 2775 vestigiis
1384 2693 1432 2758 ita
1458 2693 1506 2758 in·

158 2785 162 2798 ¹
264 2802 384 2867 stitisse
408 2801 555 2886 opinatus
572 2801 643 2883 est,
661 2804 698 2867 ut
720 2805 777 2867 aut
799 2802 866 2867 eius
890 2802 1081 2867 sententiam
1104 2800 1322 2886 comprobaret
1345 2804 1401 2866 aut
1423 2798 1505 2866 alius

264 2909 425 2994 scriptoris
461 2907 544 2995 apud
571 2907 781 2995 Hermippum
817 2906 951 2974 allatam
982 2907 1168 2973 relationem
1197 2906 1441 2994 probabiliorem
1468 2928 1506 2973 ac

266 3016 509 3083 commodiorem
532 3037 600 3083 esse
623 3021 759 3104 putaret.
801 3015 890 3094 Quod
911 3017 1040 3082 minime
1063 3016 1140 3081 mihi
1163 3014 1319 3102 probavit.
1364 3012 1506 3080 Primum

267 3125 351 3190 enirn
375 3127 401 3191 si
425 3124 534 3192 fabula
556 3125 615 3190 illa
638 3124 676 3191 de
701 3123 834 3212 Oropica
858 3145 953 3191 causa
975 3147 996 3190 a
1017 3122 1188 3190 Plutarcho
1213 3126 1264 3210 (5)
1288 3123 1409 3190 tradita
1431 3125 1507 3189 scri·

267 3233 367 3318 ptoris
395 3231 536 3298 cuisdam
564 3231 604 3299 ab
632 3231 806 3319 Hermippo
835 3233 926 3298 citati
954 3227 1050 3314 esset,
1084 3231 1271 3315 significatio
1300 3233 1339 3297 iis
1366 3251 1446 3317 quae
1474 3233 1508 3296 in

268 3339 376 3404 eodem
401 3340 504 3424 capite
528 3339 759 3426 subsequuntur
781 3335 891 3424 (Ἔρμ.
909 3339 945 3403 δέ
961 3358 1058 3424 φησιν
1072 3339 1263 3413 ἀδεσπότοις
1279 3338 1508 3424 ὑπομνήμασιν

267 3447 420 3528 ἐντυχεῖν,
443 3447 478 3510 ἐν
501 3446 546 3522 οἷς
568 3448 743 3533 ἐγέγραπτο
749 3478 760 3526 ,-
783 3452 951 3533 Κτησιβίου
971 3451 1126 3532 μέμνηται
1147 3447 1293 3526 λέγοντος
1307 3446 1379 3531 κτλ)
1394 3444 1508 3512 similis

268 3556 393 3624 omnino
418 3553 658 3636 desiderarem,
683 3553 794 3621 deinde
818 3575 898 3641 quae
922 3553 1090 3642 Hermippi
1112 3557 1210 3641 ipsius
1234 3555 1327 3620 fuerit
1350 3555 1510 3620 sententia

349 3824 369 3893 ¹)
389 3828 581 3896 Hermippeum
601 3828 674 3883 hunc
692 3831 781 3883 locum
802 3845 863 3883 cum
882 3831 1019 3898 superiore
1038 3832 1096 3882 arte
1121 3829 1296 3881 coniunctum
1321 3829 1470 3893 exstitisse,
1494 3844 1510 3881 e

273 3918 404 3971 Gellianis
423 3920 510 3975 verbis
529 3920 609 3972 etiam
628 3935 702 3974 nunc
719 3921 890 3988 perspicitur.
922 3921 960 3973 Ea
979 3921 1048 3973 enim
1063 3935 1133 3988 quae
1147 3918 1250 3972 Gellius
1264 3919 1403 3986 Hermippi
1422 3919 1510 3985 ipsius
1549 3920 1556 3940 ⁴

270 4010 420 4068 sententiae
439 4007 542 4063 directa
560 4010 679 4063 cretione
699 4008 800 4079 (Atque
813 4011 845 4076 is,
865 4011 965 4079 inquit,
985 4026 1006 4064 e.
1023 4025 1049 4078 q.
1062 4007 1095 4074 s.)
1110 4024 1248 4076 expressae
1261 4009 1401 4077 praemisit
1413 4009 1507 4063 rerba:

274 4099 453 4166 ,Hermippus
473 4100 524 4152 hoo
543 4100 674 4168 scriptum
692 4101 804 4173 reliquit
822 4117 844 4154 e.
864 4116 890 4170 q.
910 4100 948 4153 s.“
969 4114 1187 4169 -quamquam
1208 4099 1358 4167 „scriptum
1380 4098 1508 4167 reliquit¹⁴

271 4203 325 4245 non
345 4189 384 4242 ita
403 4193 435 4242 ut
454 4189 595 4244 Gebhardo
615 4191 721 4246 videtur
740 4190 777 4259 (p.
801 4188 844 4258 11)
863 4191 1067 4259 interpretanda
1084 4193 1150 4243 sunt
1170 4214 1204 4224 ·-
1224 4190 1354 4257 superiori
1373 4189 1416 4242 illi
1438 4188 1509 4242 alins

272 4279 390 4333 auctoris
409 4281 443 4334 ab
462 4280 606 4355 Hermippo
627 4284 847 4335 commemoratae
867 4281 993 4335 relationi
1013 4282 1113 4351 optime
1131 4279 1304 4347 respondent.

344 4364 366 4436 ²)
385 4370 518 4436 Sohaefer‚
538 4372 570 4424 l).
590 4387 616 4424 u.
636 4388 657 4425 s.
677 4372 755 4438 2.,1,
776 4372 823 4438 37,
844 4372 905 4427 876,

343 4454 366 4526 ⁸)
386 4463 404 4513 l.
424 4462 443 4523 l.
462 4476 489 4528 p.
511 4459 552 4515 ⁷5.

318 4618 321 4621 ι
345 4547 367 4620 ⁴)
388 4552 427 4612 Dc
446 4551 580 4613 Demetrio
600 4550 721 4630 Magnete
740 4551 842 4620 disput.
862 4553 958 4620 philol.
997 4550 1122 4620 Lugdun.
1143 4550 1235 4611 Batai,
1258 4548 1335 4611 1858.
1372 4565 1400 4625 p.
1419 4549 1462 4603 64.
