3442 5134
747 348 788 358 ..
837 308 970 376 31¹-

235 493 364 560 verbnm
391 489 606 574 transtulisse,
635 490 761 578 saepius
783 489 946 557 turbatum
970 489 1110 556 ordinem
1133 493 1298 558 restituere
1321 490 1477 559 studuisse

235 607 269 669 et
303 602 459 690 quaedam
495 603 593 667 ctiam
627 621 709 667 nova
743 600 939 683 addidisse«,
978 600 1038 666 hac
1071 604 1182 666 nostra
1220 604 1326 667 aetate
1360 602 1479 688 primus

235 710 275 777 Α.
300 710 439 778 Schoene
452 710 475 795 ¹)
500 710 533 774 in
556 709 777 776 dissertatione
801 708 839 774 de
863 708 979 794 Lysiae
1003 711 1077 776 vitis
1101 714 1249 776 accurata
1271 708 1330 774 illa
1351 709 1479 796 quidem

236 817 292 884 sed
326 818 423 884 verba
450 818 544 884 nimis
572 821 733 904 premente
762 817 916 884 discessit.
968 818 1090 883 Statuit
1118 821 1167 884 uir
1194 817 1317 899 doctus,
1354 818 1432 884 duos
1460 840 1480 882 a

236 924 545 992 Pseudo-Plutarcho
574 927 677 992 fontes
705 925 866 993 adhibitos
893 947 975 1008 esse,
1005 947 1137 1012 quorum
1164 928 1261 1012 priori
1288 928 1371 992 vitas
1394 928 1480 1012 ipsas

235 1037 361 1099 tantum
400 1035 573 1100 continenti
607 1030 713 1099 Photii
748 1037 781 1099 et
816 1033 963 1120 Dionysii
996 1033 1285 1101 Halicarnassensis
1319 1032 1481 1119 exemplar

236 1141 385 1228 (ἱστορία)
415 1141 612 1209 simillimum
640 1143 765 1225 finisset,
796 1141 928 1209 alterius
956 1144 1047 1229 quasi
1069 1147 1203 1218 πίνακος
1225 1163 1299 1229 pars
1323 1165 1343 1208 a
1365 1140 1479 1208 Photiu

236 1249 288 1316 vel
312 1251 377 1316 cius
401 1256 527 1318 auctore
552 1253 710 1337 exscripta
733 1255 832 1333 esset3
861 1273 881 1316 a
903 1250 1018 1317 Photio
1042 1254 1206 1337 praetcrea
1229 1255 1398 1333 auctorem,
1426 1252 1480 1337 qui

236 1358 277 1425 ad
300 1359 475 1426 rhetoricae
499 1361 577 1427 artis
600 1360 726 1444 regulas
750 1362 908 1427 orationes
931 1361 1147 1447 inquisiverat‚
1172 1361 1204 1425 in
1226 1381 1317 1426 usum
1333 1364 1480 1426 vocatum

236 1487 313 1533 esse.
355 1465 440 1544 Quae
461 1469 644 1555 disputatio,
668 1488 860 1553 quamquam
878 1469 929 1532 rix
945 1469 1050 1533 omnia
1065 1467 1191 1553 probari
1207 1472 1348 1554 possunt,
1372 1473 1480 1533 tamen

235 1574 319 1660 quod
347 1595 418 1641 eam
446 1597 542 1662 quarn
570 1579 635 1640 iam
663 1573 719 1640 alii
742 1579 816 1641 ante
840 1578 1011 1661 posuerant
1044 1578 1234 1641 sententiam
1261 1574 1369 1641 Photii
1397 1578 1480 1642 vitas

236 1703 299 1747 non
333 1703 419 1748 mere
448 1703 465 1748 e
492 1681 829 1750 Pseudo-Plutarcheis
858 1686 1066 1769 transcriptas
1095 1703 1162 1750 esse
1190 1683 1334 1768 diligenti
1363 1683 1479 1770 Lysiae
1525 1668 1530 1677 Χ

237 1792 375 1854 vitarum
397 1792 631 1877 comparatione
655 1791 862 1873 confirmavit,
887 1775 958 1858 curn
980 1813 1096 1875 magna
1119 1791 1314 1879 respicienda
1329 1795 1379 1859 est
1393 1812 1478 1858 cura.

237 1895 370 1962 Schueni
402 1901 575 1964 sententias
598 1902 652 1984 qui
679 1900 878 1985 impugnavit
904 1888 1060 1986 chher²)
1089 1902 1134 1987 (p.
1162 1902 1243 1985 299)
1272 1899 1312 1966 ad
1340 1903 1480 1966 veterem

235 2003 326 2068 illam
342 2003 572 2071 Westennanni
595 2009 772 2094 opinionem
795 2010 935 2074 revertit.
980 2008 1165 2094 Roesiger³)
1189 2008 1228 2074 de
1250 2007 1480 2075 necessitudine

235 2109 633 2180 Pseudo-Plutarchearum
649 2114 937 2203 Photianarnmque
961 2120 1098 2183 vitarum
1126 2116 1206 2183 nihil
1229 2119 1305 2183 certi
1322 2117 1480 2203 professus
1587 2182 1593 2191 ,

217 2212 293 2285 est.
334 2219 529 2287 Ballheimer
549 2222 675 2289 demum
690 2244 760 2288 cum
777 2244 825 2306 ca,
850 2246 946 2310 quam
962 2226 1149 2309 gravissima
1164 2245 1214 2290 res
1230 2222 1381 2311 postulat,
1406 2244 1481 2289 cura

235 2324 461 2414 diligentiaque
495 2331 711 2415 quaestionem
745 2331 792 2397 ita
827 2331 938 2413 solvit,
974 2335 1010 2398 ut
1044 2330 1239 2398 communem
1266 2330 1480 2398 Pseudo-Plu-

234 2436 337 2501 tarchi
360 2435 527 2524 Photiique
551 2441 634 2505 vitas
658 2441 809 2523 originem
834 2440 950 2505 habere
973 2461 1029 2526 pro
1054 2444 1138 2511 certo
1162 2443 1331 2521 statuerct3
1356 2440 1417 2506 etsi
1441 2437 1478 2504 de

234 2547 428 2627 argumentis
456 2548 691 2634 rationibusque
720 2550 786 2615 eius
814 2570 876 2615 non
900 2552 1007 2635 paucis
1031 2548 1199 2635 disceptari
1223 2552 1342 2635 potest,
1371 2551 1479 2613 tamen

235 2652 311 2716 mihi
346 2672 470 2739 qnoque
499 2654 537 2720 de
566 2657 722 2721 communi
752 2657 888 2722 vitarum
917 2656 1045 2722 illarum
1073 2659 1191 2740 origine
1219 2660 1353 2723 constat.
1401 2653 1479 2721 Post

235 2758 481 2827 Ballheimerum
504 2764 662 2828 neminem
686 2762 796 2843 haben,
822 2784 915 2848 quern
939 2765 971 2828 in
994 2764 1053 2830 hac
1076 2765 1288 2830 controversia
1303 2763 1478 2830 accuratius

236 2874 394 2936 versatum
429 2869 601 2956 proferam3
639 2874 746 2957 itaque
782 2870 823 2936 ad
858 2873 1074 2958 quaestionem
1114 2872 1161 2937 ita
1188 2875 1224 2936 nt
1258 2891 1327 2936 meo
1363 2870 1477 2937 iudicio

234 2978 427 3044 instituenda
451 2977 575 3044 videtur
596 2979 797 3046 tractandam
820 3000 871 3044 me
895 2985 984 3044 verto
1007 2984 1103 3066 atque
1126 2980 1262 3065 primum
1285 2979 1324 3045 de
1344 2977 1478 3044 Photii

236 3086 302 3149 vita
325 3084 406 3171 (cod.
434 3088 525 3171 265),
549 3087 577 3152 si
600 3086 685 3168 licet,
711 3087 873 3154 disseram.

327 3191 460 3258 Constat
482 3194 561 3260 haec
584 3198 652 3261 vita
675 3196 797 3262 duabus
820 3195 977 3282 partibus
1007 3217 1140 3282 quarum
1162 3197 1264 3282 priore
1289 3198 1370 3282 (490
1393 3203 1408 3253 b
1433 3199 1473 3261 41

236 3301 346 3364 -492
367 3304 385 3356 b
409 3302 468 3386 29)
504 3304 639 3387 primum
674 3324 821 3370 numerus
856 3305 1033 3369 orationum
1068 3304 1272 3387 genuinamm
1310 3303 1475 3388 indicatur,

235 3407 345 3473 deinde
369 3408 408 3474 de
431 3408 591 3476 nonnullis
607 3411 809 3493 orationihus,
835 3432 967 3497 quarum
984 3411 1064 3477 alias
1079 3431 1141 3476 non
1157 3410 1380 3477 Demosthenis
1396 3411 1476 3478 alias

234 3516 368 3602 scriptas
391 3517 447 3582 sed
471 3537 533 3584 non
549 3517 676 3586 habitas
693 3540 761 3587 esse
777 3519 918 3585 rhetores
934 3524 1122 3601 statuerant,
1147 3518 1270 3605 plenius
1286 3519 1474 3605 disputatur,

232 3626 301 3688 tum
325 3623 362 3688 de
386 3623 559 3710 Leptineae
583 3624 802 3713 Midianaeque
825 3646 967 3692 sermone
991 3626 1082 3712 plura
1105 3625 1314 3709 disseruntur,
1343 3626 1475 3713 denique

232 3751 294 3817 quo
310 3752 391 3797 anno
409 3733 525 3797 aetatis
538 3732 766 3801 Demosthenes
778 3733 989 3801 Athenienses
1002 3733 1162 3820 Olynthiis
1178 3734 1324 3801 auxiliari
1338 3736 1473 3817 iusserit,

232 3841 339 3925 paucis
363 3839 542 3905 adnotatur.
583 3840 698 3906 Altera
721 3862 802 3927 quae
825 3841 972 3928 deinceps
993 3843 1136 3929 sequitur
1158 3863 1232 3930 pars
1248 3844 1281 3909 in
1297 3843 1357 3910 duo
1373 3842 1475 3909 divisa

231 3952 282 4013 est
304 3948 419 4033 capita,
444 3967 576 4032 quorum
599 3950 702 4033 priore
727 3950 794 4015 vita
817 3952 962 4015 continue
985 3951 1104 4036 scripta
1126 3957 1273 4018 narratur
1296 3954 1376 4037 (492
1398 3954 1470 4016 ὺ21

238 4085 447 4093 *sn-ma·—

305 4144 326 4201 ¹l
346 4149 394 4201 Dic
414 4149 593 4216 Biographien
612 4148 661 4202 der
681 4149 715 4202 10
734 4151 877 4204 Attischen
896 4151 1009 4205 Redncr.
1050 4151 1073 4203 1.
1093 4153 1196 4218 Lysias.
1214 4152 1242 4205 in
1256 4151 1387 4205 Fleckeis.
1406 4168 1469 4205 ann.

234 4237 309 4292 1871.
348 4254 374 4306 p.
396 4237 546 4292 761—787.

304 4323 324 4392 ²)
345 4327 417 4391 Quae
441 4330 509 4381 ratio
534 4330 605 4382 inter
629 4330 698 4382 vitas
723 4331 925 4395 Dionysiam,
950 4329 1282 4396 Pseudo-Plutarcheam,
1311 4331 1471 4384 Photianam

231 4417 389 4471 intercedat
426 4418 459 4470 In
478 4424 530 4472 act.
549 4434 613 4472 sem.
633 4421 700 4487 phil.
739 4420 948 4488 Erlang.1878.
986 4435 1012 4487 p.
1033 4417 1186 4474 289-912.

303 4504 325 4572 ⁸)
346 4510 384 4562 Dc
404 4509 506 4563 Duride
525 4510 602 4564 Diod.
623 4514 651 4564 et
673 4512 744 4563 Plut.
764 4517 881 4564 auctore.
914 4511 984 4563 Diss.
1003 4510 1092 4579 inaug.
1128 4511 1248 4580 Gotting.
1271 4509 1349 4565 1874.
1381 4529 1407 4581 p.
1428 4513 1470 4566 49.
