3442 5134
744 429 785 438 ..
833 389 965 489 43⁰·-

233 569 268 635 rt
292 570 429 653 πλάσμα
452 571 506 634 καλ
533 570 588 634 τὸν
615 569 832 655 σχηματισμὸν
853 567 985 635 Periclis
1013 568 1156 636 imitatus
1184 569 1345 636 audientes
1373 569 1472 637 incre-

233 677 426 745 dibilcmin
444 677 584 744 'medum
613 676 782 764 perculisse
811 676 940 759 dicitur,
973 679 1059 744 ornni
1087 679 1208 744 ratione
1237 683 1332 745 caret.
1384 677 1473 744 ldern

233 786 335 853 sentio
364 785 402 851 de
431 785 578 852 Aesionis
605 784 720 851 iudicio
735 805 788 850 -ex
814 783 990 872 Hermippo
1019 785 1200 872 desumpto,
1230 786 1314 873 quod
1339 790 1377 852 ut
1403 806 1473 852 cum

234 913 261 960 c.
287 897 306 959 9
330 893 436 961 uerbis
459 894 492 959 in
515 891 626 959 eadem
645 894 782 979 ,stirpes
800 894 945 959 extitisse
961 892 1040 961 mihi
1055 893 1262 979 persuadeam
1277 893 1365 960 nullo
1380 893 1473 960 modo

235 1001 303 1066 fieri
327 1006 441 1087 potest.
482 1000 535 1067 Ad
558 1005 733 1067 extremum
757 1004 881 1066 mutato
904 1003 1029 1067 nomine
1053 1003 1092 1083 ei,
1117 1022 1197 1088 quae
1221 1003 1254 1067 in
1274 1022 1300 1068 c.
1319 1004 1338 1067 8
1355 1001 1394 1067 de
1410 1000 1474 1086 Py-

234 1109 310 1176 thea
333 1109 443 1177 fabula
466 1113 524 1192 est,
550 1108 715 1176 simillima
736 1109 776 1177 de
801 1108 918 1177 Chaloo
942 1109 1073 1176 affertur
1082 1113 1116 1196 ¹).

324 1217 411 1296 Quae
438 1218 563 1304 siquis
592 1219 697 1284 omnia
729 1217 988 1309 consideraverit,
1025 1239 1106 1304 quae
1141 1218 1205 1283 alia
1240 1217 1410 1304 explicatio
1445 1220 1474 1283 ei

231 1326 376 1406 restabit,
400 1327 462 1392 nisi
478 1324 685 1393 Plutarchum
709 1325 840 1393 duorum
864 1326 997 1393 fontium
1020 1325 1190 1392 relationes
1214 1329 1247 1392 in
1270 1346 1339 1413 cpp.
1363 1329 1471 1391 6-11

232 1434 279 1500 ita
302 1435 495 1503 coniunxisse
519 1437 555 1499 ut
578 1454 604 1501 c.
629 1438 667 1499 11
694 1435 868 1501 maximam
891 1438 1015 1521 partem
1038 1433 1136 1500 aliam
1160 1434 1285 1500 duxisse
1312 1435 1474 1518 originem,

233 1542 331 1608 aliam
358 1562 429 1629 epp.
456 1545 575 1608 6-10
604 1544 702 1609 etiam
729 1562 810 1608 nuuc
834 1541 970 1608 dilucide
993 1542 1168 1628 appareat?
1216 1540 1300 1621 Quas
1323 1543 1403 1608 duas
1427 1564 1475 1608 re-

232 1651 369 1717 lationes
391 1656 428 1717 ut
450 1655 535 1717 recte
559 1650 790 1734 distinguamus
813 1670 850 1717 ac
874 1649 1087 1732 diiudicemm,
1113 1650 1211 1716 verba
1233 1650 1326 1717 modo
1342 1650 1475 1717 laudata

233 1763 314 1842 (τοῖς
340 1759 399 1841 μὲν
427 1759 560 1833 πολλοῖς
582 1799 628 1844 -Ι
649 1760 750 1844 ἐστιν)
778 1760 897 1846 optime
924 1760 1107 1826 inserviunt.
1155 1758 1364 1846 Apertissime
1391 1760 1475 1825 enirn

235 1866 322 1953 plebi
345 1865 485 1932 alienum
509 1870 668 1933 auctorem
692 1871 836 1951 arguunt,
861 1867 915 1953 qui
938 1867 1014 1953 quid
1030 1866 1241 1934 Athenienses
1265 1869 1349 1933 omni
1373 1866 1475 1933 erudi-

234 1975 320 2041 tione
343 1977 439 2060 atque
463 1973 619 2060 politioris
643 1976 728 2041 vitae
751 1975 891 2046 moribus
914 1975 1028 2041 imbuti
1052 1975 1091 2041 de
1111 1976 1234 2042 actione
1251 1975 1475 2042 Demosthenis

233 2082 407 2148 sensissent
429 2081 538 2147 eodem
562 2083 628 2148 fere
650 2082 754 2164 modo,
778 2103 839 2169 quo
863 2080 896 2148 in
919 2103 945 2149 c.
964 2086 983 2150 8
1004 2087 1114 2149 auctor
1130 2084 1337 2170 optimatibus
1354 2082 1475 2150 alienus

234 2191 366 2273 eminet,
403 2210 592 2277 magnopere
621 2189 761 2257 curabat.
812 2190 920 2277 Atque
947 2191 1020 2257 huic
1048 2194 1167 2259 auctori
1194 2192 1259 2257 iarn
1290 2190 1390 2256 semel
1425 2210 1475 2256 oc-

234 2298 401 2364 currimus:
437 2297 532 2378 idem,
557 2299 590 2363 ni
612 2297 717 2380 fallor,
747 2303 796 2365 est
819 2300 869 2365 oui
890 2282 1081 2365 Plutarchus
1103 2300 1250 2365 notitiam
1274 2298 1366 2364 illam
1390 2319 1416 2364 c.
1442 2302 1473 2380 4,

235 2404 483 2473 Demosthenem
511 2406 608 2473 solita
638 2407 836 2473 institutione
869 2409 1020 2489 caruisse,
1056 2407 1245 2494 desumpsit,
1281 2406 1475 2491 eundemque

234 2514 360 2600 saepius
376 2514 460 2579 infra
475 2534 688 2597 agnoscemus.
727 2513 835 2598 Longe
851 2519 957 2582 autem
973 2516 1125 2581 maiorem
1146 2518 1270 2601 partem
1286 2512 1475 2580 Plutarchus

236 2642 275 2687 ex
298 2623 402 2708 priore
424 2621 632 2689 Demostheni
656 2622 810 2689 benevola
833 2644 871 2690 ao
893 2624 1040 2711 populari
1062 2623 1216 2690 relatione
1240 2625 1369 2709 petivit,
1396 2643 1475 2709 quae

236 2728 346 2815 qualia
367 2729 549 2813 tradiderit,
579 2752 596 2797 e
619 2730 774 2797 Libanii
802 2732 888 2798 vitae
916 2732 1019 2818 priore
1046 2735 1136 2818 parte
1161 2731 1253 2798 facile
1277 2731 1474 2817 perspicitur.

235 2834 345 2923 Atque
367 2837 503 2924 primum
526 2839 653 2926 quidem
668 2837 858 2905 Plutarchus
873 2843 906 2904 et
921 2838 1072 2905 Libanius
1088 2839 1127 2904 de
1143 2839 1326 2925 parentibus
1343 2839 1476 2904 oratoris

236 2943 347 3010 eedem
375 2946 439 3011 fere
467 2945 559 3012 modo
587 2950 761 3033 exponunt,
799 2946 836 3012 de
865 2951 956 3033 patre
984 2948 1117 3030 ingenuo
1146 2947 1213 3012 cive
1241 2949 1276 3033 (a
1303 2944 1476 3012 Plutarcho

234 3051 456 3141 Theopompus
480 3056 644 3137 excitatum,
669 3049 837 3123 eLibanio
853 3055 1026 3123 Aeschines
1042 3055 1101 3136 Ill,
1129 3056 1218 3140 171),
1243 3054 1281 3120 de
1298 3053 1474 3137 gladiorum

235 3161 377 3244 officina,
406 3162 445 3229 de
468 3164 650 3247 cognomine
677 3165 778 3251 patris
801 3163 918 3251 (Pium
953 3165 1138 3228 ἐπεκαλεῖτο
1166 3164 1201 3227 δὲ
1228 3163 1475 3247 μαχαιροποιός,

233 3267 440 3355 ἐργαστήριον
463 3268 544 3350 ἔχων
565 3276 647 3353 μέγα
669 3272 723 3336 καλ
745 3272 879 3347 δούλους
902 3278 1044 3352 τεχνίτας
1067 3273 1141 3345 τοὺς
1157 3275 1247 3335 τοῦτο
1263 3269 1475 3355 πράττοντας.

234 3373 323 3441 Lib:
352 3376 557 3464 ἐργαστήριον
579 3378 610 3442 δ’
633 3381 760 3443 οἰκετῶν
781 3382 1027 3465 μαχαιροποιῶν
1047 3383 1230 3463 κεκτημένος
1249 3371 1404 3440 ἐντεῦθεν
1420 3377 1477 3461 τήν
1541 3461 1543 3465 .

237 3485 292 3547 τοῦ
319 3487 558 3570 μαχαιροποιοῦ
586 3486 695 3570 κλῆσιν
722 3478 870 3570 diadar),
904 3484 942 3550 de
970 3485 1083 3550 matris
1111 3483 1247 3550 barbara
1275 3484 1393 3567 origine
1429 3482 1477 3568 (in

236 3592 394 3656 communi
417 3593 514 3678 stirpe
538 3591 704 3659 Aeschinis
727 3593 824 3658 verba
846 3592 910 3674 III,
943 3596 1006 3658 172
1030 3592 1240 3678 legebantur).
1289 3590 1411 3656 Deinde
1438 3591 1477 3658 de

234 3697 351 3763 Batalo
376 3698 456 3763 nihil
479 3697 628 3766 differunt
650 3701 710 3766 nisi
733 3699 816 3786 quod
836 3698 1026 3766 Plutarchus
1049 3719 1221 3782 cognomen
1244 3719 1264 3762 a
1284 3700 1399 3785 pueris,
1424 3697 1478 3764 Li·

236 3805 349 3871 banius
376 3827 397 3870 a
423 3806 500 3872 viris
528 3807 558 3870 ei
584 3805 719 3873 inditum
746 3827 814 3873 esse
843 3805 945 3872 affert.
998 3806 1046 3872 De
1074 3805 1183 3872 Ratali
1210 3807 1346 3871 nominis
1381 3807 1477 3888 signi-

234 3912 381 3992 ficatione
410 3911 451 3978 ad
479 3912 611 3979 eandem
640 3914 792 3996 originem
819 3917 974 4000 spectant.
1028 3914 1106 3979 Tum
1135 3912 1173 3978 de
1202 3911 1337 3999 Oropica
1372 3934 1476 3996 cansa,

234 4018 273 4085 de
297 4019 381 4086 Isaei
408 4019 587 4106 disciplina,
619 4020 760 4107 (Libanii
788 4021 1006 4105 verba-'luatur
1033 4022 1124 4104 μάλα
1152 4021 1245 4105 δεινῷ
1272 4020 1378 4106 ῥήτορι
1407 4041 1507 4089 con-s

234 4127 319 4192 feras
343 4147 414 4193 cum
429 4125 594 4194 Plutarchi
617 4131 678 4192 εἴτε
699 4130 824 4211 μᾶλλον
848 4131 1027 4193 mulcatos
1048 4130 1103 4192 τὸν
1117 4129 1215 4207 λόγον
1230 4128 1273 4203 ὥς
1288 4127 1478 4214 δραστήριον

234 4235 288 4297 καὶ
315 4237 502 4320 πανοῦργον
528 4235 584 4298 ἐπὶ
613 4235 669 4320 τήν
695 4240 806 4321 χρείαν
832 4232 1120 4320 ἀποδεχόμενοςλ),
1154 4234 1193 4300 de
1221 4256 1316 4302 (rausa
1348 4235 1475 4301 tutelari

235 4338 398 4406 simillime
422 4361 442 4404 a
465 4339 585 4406 duobus
608 4342 811 4428 scriptoribus
835 4345 1010 4428 exponitur.
1059 4341 1264 4410 Communem
1287 4362 1379 4434 porro
1407 4364 1477 4412 cum

311 4573 332 4644 ¹)
351 4578 384 4631 of.
404 4575 499 4631 Libas.
518 4574 567 4629 vit.
586 4573 649 4642 aab,
668 4574 783 4631 78—81.
