3442 5134
770 337 903 424 ..¹22
951 399 992 408 -

261 537 466 606 Timoleontis
489 540 621 606 historia
645 541 821 606 continetur
855 539 1070 607 demonstrare
1093 540 1242 608 studeret.
1289 541 1397 628 Atque
1423 540 1503 605 mihi

152 632 159 645 '
261 668 384 734 queque
407 646 645 713 fundamentum
668 645 758 729 illud,
783 668 844 734 qno
869 651 1046 715 coniectura
1066 647 1297 736 Volquardseni
1320 649 1359 715 de
1374 648 1502 715 Timaeo

262 778 331 843 epp.
358 758 501 837 28-40,
527 757 670 837 56-64,
696 758 889 822 coenatore
912 757 1032 839 nititur,
1069 758 1196 824 etiamsi
1219 757 1382 824 Timaeum
1405 759 1503 827 etiam

262 863 451 932 Graecorum
468 884 517 930 res
533 863 711 931 illustrasse
728 864 944 946 concedamus
968 867 1097 931 minime
1118 869 1186 931 tam
1206 859 1330 931 firmum
1354 865 1504 932 solidum-

188 1012 208 1022 ·
262 994 322 1059 que
346 973 479 1054 videtur,
504 976 540 1039 ut
563 972 778 1059 probabilibus
802 975 995 1056 argumentis
1019 974 1149 1040 subduci
1172 995 1233 1041 non
1256 975 1365 1060 possit.

352 1081 629 1148 Narratiunculam
656 1080 759 1146 illam.
775 1079 814 1147 de
843 1081 974 1149 Thrasio
1002 1082 1105 1147 milite
1134 1082 1241 1169 (Diod.
1271 1081 1362 1165 XVI,
1399 1085 1457 1168 78)
1486 1103 1504 1149 e

262 1189 383 1256 Timaei
394 1192 417 1275 ¹)
446 1189 585 1256 historiis
613 1189 739 1256 duxisse
766 1210 859 1273 nego,
892 1192 920 1256 si
948 1190 1074 1276 quidem
1101 1190 1290 1257 Plutarchus
1317 1212 1374 1278 per
1400 1196 1503 1256 totam

261 1300 326 1365 fere
350 1297 555 1365 Timoleontis
579 1300 678 1364 vitam
702 1298 866 1365 Timaeum
889 1299 1073 1386 primarium
1097 1299 1207 1366 ducem
1230 1302 1354 1367 secutus
1378 1304 1440 1381 est,
1470 1300 1503 1366 id

262 1408 345 1495 quod
378 1427 484 1473 omnes
519 1408 762 1492 consentiunt).
815 1405 957 1473 Primum
992 1409 1075 1473 enirn
1102 1406 1307 1489 Plutarchus,
1343 1429 1436 1494 quern
1470 1409 1503 1474 in

262 1515 399 1581 fontibus
427 1517 491 1581 suis
520 1515 730 1582 exscribendis
759 1537 875 1599 magna
909 1517 1004 1583 trisse
1039 1537 1114 1582 cura
1147 1519 1255 1601 negari
1288 1538 1351 1583 non
1386 1521 1502 1604 potest,

261 1624 432 1691 tumultum
455 1623 546 1689 illum
570 1624 844 1711 stipendiariorum
860 1626 908 1689 ita
922 1629 1032 1690 narrat
1059 1629 1100 1712 (c.
1119 1627 1177 1710 25)
1201 1630 1238 1691 ut
1263 1647 1363 1713 neque
1379 1624 1503 1691 Thrasii

261 1732 418 1816 sacrilegii
440 1732 589 1819 Delphici
612 1733 775 1819 participis
799 1731 899 1798 ullam
928 1734 1025 1799 saciat
1051 1735 1243 1800 mentionem
1271 1736 1304 1799 et
1327 1733 1504 1799 Sicularum

262 1844 421 1928 copiarum
444 1862 607 1907 numerum
631 1863 651 1907 a
674 1841 812 1908 Diodoro
836 1863 962 1928 prorsus
986 1841 1144 1908 diversum
1166 1842 1285 1908 indicet
1308 1842 1361 1929 (do
1385 1863 1447 1929 qua
1469 1863 1504 1907 re

261 1951 344 2016 inira
367 1972 397 2037 p.
424 1952 482 2036 28)
506 1954 539 2016 et
562 1949 625 2016 alio
648 1951 838 2015 narrationis
861 1951 964 2017 colore
989 1955 1109 2017 utatur:
1146 1972 1217 2018 cum
1240 1953 1324 2017 enim
1348 1950 1505 2017 Diodorus

262 2080 328 2124 rem
352 2060 398 2124 ita
421 2062 567 2145 exponat,
592 2063 629 2124 ut
644 2058 793 2125 Thrasius
813 2079 876 2124 non
892 2062 958 2124 tam
975 2062 1104 2145 propter
1119 2057 1355 2145 praevalentem
1372 2058 1505 2125 Cartha

262 2167 448 2250 giniensium
472 2187 635 2233 numerum
658 2188 753 2253 quam
777 2171 907 2254 propter
929 2166 1087 2254 stipendia
1114 2167 1179 2232 iam
1207 2165 1261 2233 diu
1289 2168 1397 2234 debita
1424 2167 1506 2234 sedi-

263 2277 381 2341 tionem
404 2277 539 2342 movisse
563 2273 708 2341 videatur
732 2314 774 2323 -
798 2277 817 2360 ξ
842 2275 877 2339 5:
919 2273 994 2339 aare
1018 2277 1090 2350 τους
1116 2275 1342 2359 ὀφειλομένους
1368 2276 1507 2359 μισθους

262 2384 386 2448 πολλοῦ
397 2376 512 2468 χρόνου
534 2383 590 2447 διό
614 2383 670 2469 τὴν
692 2382 834 2469 ἀπορίαν
857 2382 1083 2466 ἀποδεδωκώς;
1108 2386 1127 2470 ξ
1153 2387 1172 2449 6
1193 2384 1419 2466 συνεβούλευεν
1446 2382 1507 2449 οὖν

262 2491 485 2574 decedamus
501 2531 542 2540 -—
559 2492 613 2556 καὶ
628 2493 701 2568 τοὺς
710 2493 855 2574 ’μισθοὺς
869 2488 1022 2555 ἀπαιτεῖν
1027 2520 1039 2570 ,-
1055 2494 1107 2574 79,
1128 2495 1144 2557 1
1162 2490 1294 2579 γράψας
1311 2531 1352 2541 -
1369 2492 1422 2556 καὶ
1435 2493 1508 2568 τούς

262 2599 401 2682 μισθοὺς
415 2600 529 2663 δοῦναι
547 2638 588 2648 -
605 2598 795 2667 Plutarchus
810 2601 969 2683 ignaviam
985 2602 1022 2665 ut
1037 2602 1132 2666 unam
1148 2600 1311 2686 solamque
1324 2600 1506 2667 rebellionis

263 2729 390 2775 causam
419 2707 525 2791 affert,
556 2710 615 2792 25,
649 2713 670 2775 4
697 2706 992 2785 ἀποδειλιάσαντες.
1044 2708 1165 2775 Deinde
1194 2710 1415 2793 gravissimum
1443 2708 1507 2774 dis-

264 2818 380 2882 crimen
408 2815 441 2882 id
469 2815 586 2899 elucet,
616 2816 698 2903 quod
720 2815 910 2884 Plutarchus
937 2820 970 2882 in
996 2838 1021 2883 e.
1048 2821 1090 2884 30
1115 2820 1244 2884 interitu
1266 2818 1355 2883 mille
1378 2817 1506 2883 illorum

263 2928 525 2993 mercenariorum
550 2925 659 2992 eodem
682 2927 748 2991 fere
771 2926 865 2991 modo
889 2945 949 3012 quo
967 2925 1139 2992 aDiodoro
1156 2928 1229 3012 (82)
1247 2927 1389 3012 exposito
1405 2925 1505 3007 addit,

264 3037 296 3100 in
320 3055 461 3122 eaquae
486 3034 792 3119 Carthaginiensium
817 3038 886 3099 erat
909 3033 1036 3100 Siciliae
1059 3037 1151 3120 parte
1175 3034 1324 3100 adletas
1347 3036 1420 3109 τούς
1438 3036 1507 3116 μετ’

264 3141 420 3228 Εὐθύμου
449 3146 504 3209 τοῖν
525 3144 708 3209 Λευκαδίου
735 3139 955 3229 μισθοφόρους
982 3164 1002 3208 a
1024 3142 1173 3208 Mamerci
1196 3140 1329 3208 Hicetae
1357 3140 1506 3208 Gesconis

264 3254 361 3339 copiis
385 3254 501 3319 occisos
526 3273 604 3319 esse.
651 3250 761 3335 Pergit
784 3255 853 3316 tum
881 3250 932 3316 his
960 3251 1078 3317 verbis:
1119 3248 1201 3336 ἦσαν
1227 3250 1287 3333 μὲν
1313 3253 1375 3337 γὰρ
1403 3249 1507 3315 οὗτοι

264 3365 325 3425 τῶν
358 3362 434 3444 pecc*
477 3355 659 3447 Φιλομήλου
693 3359 746 3423 καὶ
769 3358 963 3446 Ὀνομάρχου
991 3359 1140 3443 Δελφοὺς
1174 3355 1422 3441 καταλαβόντων
1455 3358 1508 3421 καὶ

262 3465 484 3551 μετασχόντων
510 3468 671 3542 ἐκείνοις
702 3470 763 3552 τῆς
798 3465 1022 3553 ἱεροσυλίας.
1075 3468 1202 3534 Timaeo
1236 3467 1333 3550 igitur
1368 3471 1506 3547 auctore,

262 3598 337 3643 nam
349 3576 470 3643 Timaei
486 3578 621 3662 vestigia
637 3578 837 3664 apertissima
853 3577 886 3641 in
898 3576 957 3643 hoc
967 3574 1133 3643 Plutarchi
1145 3577 1219 3662 (30)
1232 3576 1335 3662 capite
1347 3576 1506 3662 patent³),

341 3760 362 3820 ¹)
380 3763 438 3818 Hoc
458 3778 542 3817 unum
562 3763 661 3830 agitur,
682 3761 916 3815 ntrnm'l’imaeus
935 3763 1066 3814 auctora
1086 3760 1200 3813 Diodoro
1220 3759 1248 3811 in
1268 3776 1289 3813 c.
1311 3758 1345 3813 78
1366 3758 1508 3813 adhibitus

266 3854 304 3906 sit
323 3870 414 3908 necne.
452 3853 581 3907 Evcrbis
601 3853 666 3921 ipsis
685 3853 807 3921 καθάπερ
825 3852 911 3924 μικρῷ
930 3851 1059 3920 πρότερον
1077 3851 1267 3919 ἀνεγράψαμεν
1285 3849 1354 3901 nihil
1378 3847 1411 3901 dc
1437 3849 1509 3902 sacri

267 3945 333 3998 belli
352 3947 461 3998 anctore
481 3942 664 4011 colligandum
683 3958 740 3996 esse
760 3943 819 3995 luce
838 3942 937 3994 clarius
958 3943 1007 3993 cst.

337 4030 358 4101 ¹)
378 4034 504 4100 Arnoldt,
524 4033 573 4087 Die
587 4034 700 4098 Quellen
714 4048 746 4085 au
760 4032 913 4085 Timoleons
927 4031 1025 4097 beben,
1046 4029 1214 4084 Gnmbinner
1226 4029 1390 4099 Programm.
1427 4028 1507 4082 1848.

263 4141 290 4193 p.
313 4124 355 4191 19,
375 4124 418 4179 20.

336 4216 427 4284 Haug,
452 4215 502 4269 Die
522 4214 636 4280 Qucllen
655 4214 798 4267 Plutarchs
818 4213 846 4266 in
867 4213 920 4266 den
939 4210 1276 4282 Lebensbeschreibungen
1296 4210 1344 4264 der
1364 4210 1510 4266 Griecbcn.

263 4306 333 4361 Tiib.
356 4305 434 4371 1854,
453 4322 480 4373 p.
500 4305 543 4358 64.

337 4397 526 4466 Veiquardsen
545 4414 571 4464 p.
593 4395 635 4450 96.

220 4523 226 4534 ·
338 4488 418 4541 Holm
437 4488 472 4553 II,
490 4504 516 4556 p.
539 4486 601 4541 377.

337 4575 360 4651 ⁸)
379 4580 459 4634 Holm
478 4596 504 4654 p.
525 4577 588 4637 377.
