3442 5134
786 362 919 446 ..⁸50
967 413 1008 428 ...

364 550 581 625 Westermann
594 555 617 644 ¹)
641 556 721 627 satis
743 556 866 641 hahuit,
890 577 973 625 nora
995 561 1028 625 et
1050 559 1159 646 inepta
1182 578 1262 645 quae
1285 556 1318 623 in
1341 555 1391 624 his
1406 554 1515 624 insunt

274 667 519 749 enumerayisse3
543 665 582 732 de
606 666 745 733 sontibus
767 664 845 731 nihil
870 668 984 732 statuit
998 667 1060 733 nisi
1074 664 1190 732 Zosimi
1206 670 1240 732 et
1254 666 1415 752 Anonymi
1431 666 1515 731 vitas

274 794 313 839 ex
338 773 531 839 orationihus
554 770 777 840 Demosthenis
798 771 1041 860 Aeschinisqne,
1070 776 1234 859 praeterea
1262 793 1300 838 ex
1323 771 1516 839 Plutarehea

273 878 407 967 aliisque
430 881 504 946 vitis
523 883 690 965 congestet
705 900 784 962 esse,
808 878 923 947 Suidae
939 899 965 946 c.
984 882 1004 946 3
1020 901 1059 945 ex
1074 878 1234 966 Anonymi
1249 880 1316 947 vita
1331 885 1514 967 excerptum

273 987 383 1055 videri.
424 987 525 1066 Quam
549 988 740 1055 sententiam
759 986 910 1071 Roesiger
932 987 979 1053 ita
999 988 1143 1071 correxit,
1167 992 1203 1055 ut
1223 986 1339 1054 Zosimi
1353 987 1515 1075 Anonymi

272 1095 387 1164 Suidee
413 1098 497 1165 vitas
520 1119 558 1165 er
581 1120 644 1165 una
660 1096 831 1184 eademque
847 1097 988 1182 epitoma
1003 1094 1178 1162 deduceret.
1218 1085 1347 1182 Bless²)
1363 1116 1402 1162 ex
1417 1097 1514 1163 trium

271 1203 400 1271 illorum
428 1208 614 1293 scriptorum
642 1206 717 1272 vitis
744 1203 867 1272 nullam
895 1203 935 1269 ab
964 1201 1030 1268 alia
1057 1201 1206 1290 pendere,
1240 1203 1357 1270 Suidae
1384 1206 1515 1273 tertiam

272 1312 462 1399 particulam
485 1333 524 1380 ex
539 1313 699 1400 Anonymi
722 1311 896 1399 exemplari
920 1316 1101 1399 excerptam
1121 1332 1192 1378 esse
1215 1314 1248 1378 in
1262 1318 1443 1380 transcursu
1459 1312 1514 1380 ad·

272 1422 405 1488 notavit.
446 1420 532 1499 Quae
556 1442 747 1509 quamquam
772 1419 977 1504 aRoesigero
997 1424 1031 1487 et
1045 1419 1170 1486 Blassio
1186 1422 1219 1487 in
1233 1421 1413 1488 universnm
1429 1425 1514 1488 recte

272 1526 411 1595 iudicata
433 1535 521 1613 sunt,
551 1532 658 1596 tamen
682 1530 856 1598 accuratius
880 1530 964 1596 vitas
988 1527 1062 1595 illas
1085 1530 1264 1616 perquirere
1287 1550 1350 1595 non
1374 1529 1514 1595 alienum

272 1640 330 1702 est.
383 1636 491 1724 Atque
518 1639 672 1726 profecto,
708 1641 735 1706 si
764 1640 834 1726 quis
861 1637 1021 1723 Anonymi
1050 1638 1150 1703 vitam
1177 1637 1353 1724 Suidaeque
1383 1638 1514 1704 tertiam

271 1743 462 1830 particulam
486 1746 588 1813 obiter
611 1746 851 1832 comparaverit,
876 1744 975 1811 aliern
997 1765 1036 1810 cx
1056 1743 1121 1810 alia
1136 1765 1221 1810 mere
1237 1744 1428 1833 descriptam
1444 1764 1514 1810 esse

271 1851 365 1918 facile
389 1853 615 1939 suspicabitur:
651 1855 699 1919 ita
716 1873 848 1941 prorsus
872 1851 981 1919 eodem
1005 1851 1113 1921 ordine
1135 1851 1176 1917 ab
1200 1850 1264 1917 alio
1288 1852 1443 1938 copiosius
1472 1852 1514 1917 ab

272 1957 337 2026 alio
352 1960 478 2028 tremus
494 1960 605 2027 eadem
620 1962 829 2048 exponuntur3
851 1963 994 2025 attamen
1010 1958 1239 2045 discrepantiae
1255 1980 1317 2027 non
1332 1962 1379 2025 ita
1393 1979 1514 2046 paucae

271 2088 291 2131 e
314 2070 472 2137 sententia
488 2067 546 2134 illa
561 2067 719 2135 discedere
736 2071 860 2151 cogunt.
901 2065 982 2133 Sunt
996 2068 1080 2133 enim
1097 2066 1249 2133 eiusmodi
1265 2067 1349 2153 apud
1365 2066 1512 2134 Snidam:

270 2194 299 2241 v.
325 2177 368 2240 45
393 2175 446 2262 (W
447 2180 505 2242 est.
530 2175 652 2261 Biogr.)
675 2172 751 2252 ὦςτε
777 2175 877 2260 φασὶν
902 2174 1018 2238 ἑαυτὸν
1045 2177 1125 2239 οἶκοι
1151 2178 1370 2262 καθείρξαντα
1398 2174 1516 2245 ἑαυτοῦ

270 2284 400 2368 ξυρῆσαι
426 2288 479 2369 τῆς
501 2284 643 2369 κεφαλῆς
664 2288 758 2370 μέρος
773 2282 890 2369 (Aulon.
909 2303 939 2369 p.
958 2284 1035 2365 304,
1060 2284 1219 2368 46-49).
1260 2282 1382 2349 Deinde
1398 2280 1514 2365 suidas

270 2388 309 2455 de
333 2392 468 2477 captivis
491 2414 511 2457 5
534 2390 747 2458 Demosthene
770 2390 958 2476 redemptis,
985 2390 1023 2457 de
1047 2389 1121 2457 filiis
1145 2392 1185 2457 ah
1209 2411 1246 2457 eo
1270 2391 1388 2457 dotatis
1412 2411 1441 2456 v.
1469 2392 1511 2455 55

270 2496 398 2563 aliunde
433 2498 517 2565 haud
552 2498 645 2564 dnhie
679 2498 787 2566 hausit
814 2497 931 2584 (Anon
968 2500 1049 2580 305,
1086 2500 1154 2584 90),
1206 2498 1286 2565 Tum
1321 2497 1512 2566 Graecorum

271 2603 482 2672 Chaeronensi
506 2627 611 2692 pugna
634 2610 798 2693 captorum
820 2605 903 2672 alius
926 2605 1058 2672 eSuida
1082 2627 1111 2672 u.
1130 2608 1172 2672 63
1193 2627 1340 2673 numerus
1355 2605 1513 2672 indicatur

270 2711 345 2797 (nisi
366 2712 545 2800 corruptela
567 2713 700 2800 subest),
725 2714 807 2781 alius
823 2714 864 2778 ab
879 2713 1047 2799 Anonymo
1065 2716 1139 2795 307,
1165 2716 1241 2779 135.
1281 2713 1360 2780 Tum
1376 2713 1512 2780 Archias

269 2841 290 2884 a
305 2818 404 2886 Suida
426 2841 455 2886 v.
481 2822 523 2886 73
548 2819 731 2906 appellatur
753 2821 934 2906 ὑποκριτὴς,
957 2821 998 2884 ab
1015 2819 1182 2905 Anonymo
1206 2820 1410 2907 ὑπασπιστὴς
1427 2814 1511 2900 308,

272 2930 345 2993 169.
401 2926 629 2994 Gravissimum
665 2949 737 2994 vero
773 2927 942 2994 discrimen
977 2928 1010 2992 in
1044 2928 1130 2994 vitiis
1165 2927 1372 2995 Demostheni
1406 2928 1512 2994 insitis

270 3034 488 3101 enumerandis
512 3040 659 3123 apparet:
691 3035 732 3101 ah
748 3034 916 3119 Anonymo
940 3036 1017 3116 305,
1043 3037 1084 3099 66
1109 3035 1173 3099 tria
1194 3034 1311 3101 diserte
1326 3034 1510 3117 afferuntur,

269 3162 340 3208 cum
363 3141 476 3209 Suidas
499 3146 635 3228 quatuor
657 3143 743 3209 vitiis
763 3140 1010 3208 Demosthenem
1034 3141 1195 3209 laborasse
1219 3146 1355 3228 exponat
1378 3162 1511 3228 qnorum

268 3250 341 3331 tria,
366 3270 560 3337 quamquam
581 3249 621 3315 ab
645 3248 712 3316 illis
735 3251 776 3316 ab
792 3249 960 3334 Anonymo
983 3249 1116 3337 prolatis
1137 3271 1199 3316 non
1214 3249 1377 3331 dissident,
1402 3253 1511 3315 tamen

269 3374 331 3421 non
359 3376 397 3422 ex
425 3376 461 3422 5ο
489 3356 648 3423 translata
676 3361 763 3438 sunt,
797 3361 945 3443 quartum
974 3376 1089 3424 novum
1118 3357 1201 3424 hand
1229 3356 1322 3423 dubie
1351 3357 1511 3425 diversam

271 3465 422 3547 originem
447 3484 523 3550 pree
546 3484 580 3530 se
604 3464 674 3545 fert,
700 3484 728 3528 v.
748 3464 788 3528 51
814 3482 879 3549 sq.:
909 3463 1041 3549 τραυλὸς
1056 3463 1088 3526 d'
1103 3463 1215 3527 ὤνκαὶ
1231 3461 1388 3547 τόνῶμον
1403 3463 1510 3550 ἀπρε-

269 3574 339 3646 πῶς
361 3571 467 3646 ἐκίνει,
489 3571 542 3634 καὶ
567 3571 622 3656 τὴν
644 3571 743 3657 ἀκοὴν
765 3571 907 3655 ἀσθενὴς
929 3570 983 3634 καὶ
1006 3571 1040 3633 τὸ
1063 3574 1193 3653 πνεῦμα
1209 3571 1247 3636 od
1264 3570 1405 3657 διαρκής,
1428 3590 1510 3657 quae

269 3675 484 3743 dissensione
508 3678 665 3744 communi
687 3677 814 3764 quidem
836 3675 981 3763 exemplo
1005 3675 1134 3742 Suidam
1158 3681 1191 3743 et
1210 3677 1412 3764 Anonymum
1436 3698 1510 3744 usos

269 3804 337 3850 esse
364 3783 613 3852 luculentissime
641 3784 788 3852 ostendit.
841 3782 943 3861 Quam
971 3782 1011 3849 ad
1039 3787 1229 3851 sententiam
1261 3784 1515 3877 confirmandam¹

267 3890 384 3959 Zosimi
411 3891 616 3959 Ascalonitae
643 3894 711 3960 vita
738 3911 810 3959 cum
833 3889 993 3976 Anonymi
1016 3889 1191 3978 Suidaeque
1219 3894 1295 3959 vitis
1322 3897 1509 3979 comparata

268 3998 398 4065 accedit.
439 3999 545 4086 Atque
561 3999 619 4067 hoc
639 4002 776 4087 primurn
798 3997 973 4064 notandum
996 4001 1055 4078 est,
1079 3997 1210 4069 Suidam
1231 4002 1266 4066 in
1287 4001 1337 4082 iis,
1361 4020 1443 4086 quae
1467 3999 1509 4064 ah

268 4105 429 4193 Anonymi
456 4107 608 4173 relatione
637 4107 814 4192 discrepare
842 4103 935 4170 modo
963 4104 1151 4188 significavi,
1184 4127 1254 4174 cum
1281 4105 1406 4173 Zosimo
1435 4127 1510 4173 con·

267 4214 394 4279 sentire.
440 4212 582 4281 Zosimus
609 4211 690 4280 nihil
717 4211 811 4279 affert
838 4210 877 4277 dc
905 4211 1046 4279 conclavi
1069 4213 1287 4298 subterraneo,
1315 4213 1371 4281 sed
1394 4213 1510 4280 iisdem

343 4463 363 4530 ¹)
382 4482 430 4536 qu.
449 4468 482 4520 D.
510 4466 556 4531 Ν,
576 4483 603 4535 p.
621 4465 738 4521 88-93.

340 4551 362 4624 ¹)
381 4560 400 4612 1.
420 4572 442 4610 c.
462 4556 509 4622 ΙΙΙ,
532 4557 556 4625 1,
573 4572 605 4624 p.‘
620 4555 647 4623 5,
665 4558 722 4613 not.
742 4555 769 4612 3.
