3442 5134
785 352 919 422 ..260
966 394 1007 403 -

276 557 339 623 qua
354 537 488 606 Botulus
510 545 639 608 vocatus
655 542 707 623 sit,
732 561 870 624 causam,
894 563 994 630 neque
1010 564 1027 608 e
1043 541 1265 609 Demosthenis
1281 539 1333 609 vel
1348 535 1513 609 Aeschinis

87 624 90 631 ’
205 672 208 687 ¹
276 647 471 713 orationibus
495 644 632 732 ductam,
657 672 757 738 neque
781 652 821 717 ab
844 650 912 718 ullo
936 651 999 719 alio
1020 649 1171 740 scriptore
1187 651 1339 718 traditam
1355 650 1512 729 exhibent,

276 775 356 840 quac
384 755 461 842 quin
490 780 506 824 e
534 759 696 846 scriptoris
724 757 885 827 cuiusdam
909 756 1154 827 Demosthenem
1183 760 1224 825 ab
1249 758 1415 826 Aeschinis
1443 779 1514 824 con-

275 864 382 948 viciiS,
419 866 459 933 ab
487 867 655 933 idomeneo
685 868 737 956 (ir.
769 872 827 956 13)
856 872 890 936 et
916 869 1091 957 Hermippo
1118 869 1254 935 libenter
1281 862 1431 955 arreptis,
1462 861 1515 932 de-

278 973 434 1041 fendentis
463 975 587 1059 ingenio
617 982 687 1043 orta
714 981 756 1045 sit
784 978 923 1044 dubitari
951 974 1069 1065 nequit.
1122 977 1330 1044 Consentiunt
1360 978 1442 1042 enim
1477 996 1515 1041 ex

278 1083 403 1147 infirma
426 1102 583 1170 aegraque
608 1084 788 1152 valetudine
809 1107 980 1171 cognomen
995 1085 1075 1153 illud
1090 1085 1226 1153 ludibrio
1242 1088 1271 1152 ei
1286 1087 1421 1153 inditum
1437 1105 1514 1166 esse,

278 1210 358 1276 quae
383 1191 551 1277 explicatio
574 1192 721 1260 relationi
745 1197 775 1260 ei
803 1198 922 1282 optime
950 1197 1108 1277 convenit,
1138 1196 1188 1261 cui
1215 1215 1285 1282 cpp.
1311 1196 1432 1260 4-10
1455 1197 1514 1258 etc.

276 1298 489 1384 impertienda
513 1320 581 1368 esse
606 1324 643 1368 ex
667 1306 891 1391 compositione
916 1305 999 1370 vitae
1024 1305 1249 1390 perspeximus.
1288 1301 1434 1389 Namque
1451 1322 1516 1366 om-

277 1407 352 1471 nino
380 1425 442 1503 non
472 1413 627 1477 assentior
654 1411 822 1478 Gebhardo
852 1416 897 1499 (p.
929 1415 971 1480 28
1001 1433 1064 1499 sq.,
1102 1415 1160 1498 32)
1189 1412 1243 1499 qui
1271 1410 1406 1477 alteram
1439 1430 1465 1476 c.
1495 1409 1516 1474 4

277 1518 403 1600 partem
426 1517 499 1584 inde
524 1542 542 1584 a
565 1519 670 1586 verbis
693 1518 733 1607 ἦν
756 1518 786 1585 δ’
809 1522 826 1585 ὀ
848 1518 1000 1597 Βάταλος
1022 1517 1077 1585 κτλ
1101 1540 1118 1586 e
1145 1522 1281 1606 ,‚stirpe‘⁴
1308 1515 1517 1595 ἄκιλασιιίαν

217 1703 220 1708 ,
278 1620 503 1691 Demosthenis
527 1625 686 1712 perlucide
711 1626 887 1711 castigante
911 1650 931 1692 a
952 1622 1124 1693 Plutarcho
1147 1628 1215 1713 ipso
1243 1626 1325 1692 huno
1354 1628 1386 1691 in
1413 1618 1517 1691 locum

279 1736 505 1820 transpositam
529 1757 596 1802 esse
621 1756 677 1823 pro
701 1741 785 1803 certo
809 1740 932 1803 statuit.
977 1730 1138 1817 Libanius,
1163 1728 1247 1822 quod
1268 1728 1516 1800 Demosthenem

280 1841 492 1927 ἀνδρωθέντα
520 1843 616 1910 fuisse
646 1845 736 1928 dicit,
772 1847 907 1912 fortasse
935 1838 1043 1911 Batali
1072 1848 1105 1910 et
1132 1844 1236 1928 Argao
1272 1845 1399 1909 nomina
1434 1864 1518 1908 com-

281 1951 427 2032 mutavit,
452 1950 491 2017 de
515 1973 646 2039 quorum
670 1953 952 2038 significationibus
973 1953 1146 2019 communis
1161 1950 1324 2017 Plutarchi
1345 1955 1379 2017 et
1393 1951 1520 2016 Libanii

280 2059 390 2121 auctor
412 2061 517 2126 varias
541 2062 758 2128 cumulaverat
781 2063 955 2128 sententias
979 2062 1018 2128 cf.
1044 2060 1142 2127 schol.
1167 2059 1280 2126 Aesch.
1306 2060 1336 2141 I,
1368 2062 1448 2140 1313
1475 2058 1518 2138 ll,

282 2167 340 2247 993
365 2165 416 2232 hic
439 2190 561 2257 quoque
577 2171 771 2257 Blassium¹)
796 2173 960 2252 erravisse,
985 2169 1068 2256 quod
1083 2169 1292 2255 Hermippum
1314 2165 1520 2233 aPlutarcho

281 2277 314 2338 et
329 2273 463 2344 Libanio
487 2279 692 2366 compilatum
715 2300 783 2346 esse
804 2280 945 2359 coniecit,
970 2280 1073 2364 quivis
1089 2276 1180 2343 facile
1199 2276 1293 2341 videt.
1334 2275 1425 2342 Prior
1441 2277 1521 2341 eius-

280 2382 352 2450 dem
378 2387 547 2473 fragmenti
571 2411 644 2476 pars
667 2391 700 2454 in
714 2388 799 2454 Plut.
826 2409 852 2454 c.
871 2390 891 2454 8
913 2386 1025 2453 iisdem
1042 2387 1106 2451 sere
1123 2385 1226 2450 verbis
1242 2405 1391 2471 expressa
1407 2384 1520 2448 iterum

280 2497 373 2563 nobis
398 2499 544 2563 occurrii:
580 2498 614 2560 ἐκ
638 2497 749 2561 actiaco
772 2496 874 2572 δόξαν
897 2499 981 2576 εἶχεν
1003 2495 1045 2570 ὡς
1068 2495 1124 2559 οὐκ
1153 2494 1273 2580 εὐφυὴς
1301 2491 1361 2568 ὢν,
1387 2491 1461 2555 ἀλλ’
1488 2491 1522 2554 ἐκ

284 2604 386 2669 πόνου
409 2610 591 2695 συγκειμένῃ
614 2602 767 2691 δεινότητι
789 2604 842 2668 καὶ
865 2602 996 2687 δυνάμει
1020 2603 1193 2688 χρόμευυς,
1215 2622 1295 2687 quae
1319 2620 1389 2666 cum
1413 2598 1522 2665 mullis

284 2711 356 2778 aliis
385 2713 425 2779 ad
454 2715 608 2780 oratorias
636 2715 875 2780 exercitationes
904 2711 1134 2799 spectantibus,
1170 2729 1361 2796 quamquam
1397 2706 1522 2792 singula

285 2821 407 2887 definiri
432 2824 496 2889 iam
520 2843 582 2889 non
605 2826 749 2910 possunt,
774 2822 816 2888 ad
838 2821 1048 2909 Hermippum
1071 2819 1171 2886 redire
1196 2817 1273 2885 mihi
1297 2837 1419 2908 quoque
1443 2816 1523 2883 veri-

283 2929 482 2997 simillimum
506 2936 565 2999 est.
1419 2966 1424 2974 ·

375 3037 524 3105 Extremo
552 3040 611 3107 hoc
639 3039 708 3107 loco
739 3041 912 3107 notandum
946 3044 1008 3121 est,
1045 3040 1083 3107 de
1113 3038 1285 3127 Hyperidis
1320 3042 1420 3105 morte
1447 3037 1523 3105 Plu·

284 3146 429 3212 tarchum
455 3150 495 3234 (c.
523 3150 580 3234 28)
605 3153 763 3215 auctorem
787 3148 827 3213 ab
848 3132 1022 3234 Hermippo
1046 3146 1140 3233 plane
1165 3145 1323 3214 diversum
1346 3147 1434 3234 sequi
1451 3142 1523 3232 (Ps-

283 3253 369 3320 Plut.
395 3254 481 3343 Hyp.
507 3258 562 3322 vit.
589 3260 665 3339 313,
691 3257 850 3343 48-50),
878 3255 916 3322 de
940 3277 1001 3344 quo
1024 3254 1172 3322 Gebhard
1197 3276 1226 3344 p.
1253 3257 1273 3321 9
1298 3275 1408 3343 parurn
1433 3257 1523 3321 caute

284 3365 434 3430 statuisse
459 3364 536 3430 mihi
561 3365 693 3431 videtur.

375 3470 462 3538 Haec
491 3493 570 3558 quae
600 3494 637 3538 ex
660 3472 826 3562 Hermippi
854 3477 920 3541 sine
951 3474 1044 3541 dubio
1073 3475 1310 3541 accuratissima
1337 3474 1405 3538 vita
1432 3471 1523 3537 nobis

283 3583 411 3644 servata
434 3585 508 3646 sunt
531 3602 689 3669 perpauca
711 3584 898 3666 fragmenta,
923 3605 1115 3671 quamquam
1138 3568 1308 3667 imaginem
1327 3583 1413 3648 vitae
1436 3578 1524 3647 illius

284 3688 389 3751 animo
413 3687 637 3771 refingentibus
659 3690 749 3756 nobis
769 3712 832 3757 non
848 3692 1016 3771 sufficiunt,
1041 3696 1148 3756 tamen
1164 3695 1320 3776 quatenus
1334 3688 1525 3755 Plutarchus

285 3793 324 3858 ab
353 3813 390 3858 eo
419 3794 554 3881 pendere
583 3796 742 3880 videatur,
772 3798 930 3866 iudicandi
957 3799 1061 3864 locum
1089 3800 1168 3864 satis
1191 3797 1338 3863 idoneum
1361 3796 1524 3882 praebent,

284 3899 322 3964 de
345 3921 409 3986 qua
431 3922 464 3967 re
488 3903 570 3969 infra
592 3905 624 3969 in
645 3925 706 3970 uno
728 3911 897 3992 conspectu
914 3907 1020 3993 paucis
1037 3904 1235 3986 disseremus,
1260 3908 1429 3991 postquam
1445 3923 1526 3989 quae

284 4028 301 4072 e
324 4006 512 4097 Demetrii
535 4010 737 4094 Magnetis,
769 4012 928 4080 Ciceronis
952 4012 1110 4100 aequalis,
1140 4011 1315 4078 clarissimo
1345 4013 1419 4098 περὶ
1445 4010 1525 4093 ὁμο-

284 4111 390 4198 νυμων
413 4122 554 4204 ποιητῶν
578 4145 610 4183 τε
633 4122 685 4184 καὶ
708 4128 918 4208 συγγραφέων
942 4123 1092 4213 inscripto
1117 4141 1209 4208 opere
1228 4124 1368 4186 aetatem
1383 4118 1527 4189 tulerunt

285 4221 323 4289 de
347 4223 560 4294 Demosthene
584 4228 763 4312 fragmenta
786 4232 1025 4318 inspexerimus

373 4332 421 4400 De
445 4336 557 4400 ceteris
581 4336 644 4400 iam
668 4356 825 4403 unacum
847 4338 1054 4443 Hermippeis
1078 4337 1228 4430 diximus,
1257 4357 1338 4419 nunc
1360 4337 1424 4416 tria
1446 4355 1528 4436 quae

283 4488 499 4499 ——-.-.

358 4569 378 4640 ¹)
398 4573 446 4639 III,
468 4573 492 4641 l,
510 4589 536 4640 p.
560 4574 601 4640 ll,
620 4577 677 4628 not.
697 4575 722 4628 3.
