3442 5134
744 433 781 446 ..
830 394 963 463 47³...

229 577 401 665 lustrahit,
424 578 493 647 fieri
520 599 583 646 non
610 574 729 667 poterit
757 580 832 666 quin
861 574 980 673 iudicia·
1002 576 1061 644 illa
1083 576 1123 646 de
1146 579 1261 663 ignavo
1285 582 1317 646 et
1341 577 1381 647 ad
1403 601 1472 647 ruu-

229 712 338 757 nerum
361 691 556 779 corruptelas
579 710 734 778 propenso
760 687 984 755 Demosthenis
1008 690 1113 756 animo
1136 690 1170 754 in
1198 692 1377 757 universum
1400 710 1471 777 pro-

229 801 375 865 nuntiata
409 801 546 889 famosis
573 797 727 885 exemplis
761 797 940 883 eisdemque
974 798 1039 862 fere
1062 797 1167 863 verbis
1190 798 1394 884 comprobata
1425 801 1472 864 iu-

231 909 346 973 veniat.
388 906 489 985 Quam
511 927 579 972 rem
602 904 801 971 ePlutarchi
824 905 949 987 ingenio
973 903 1131 991 explicare
1147 906 1276 971 minime
1292 905 1383 988 licet3
1408 908 1471 993 pri-

229 1035 315 1081 mum
339 1016 423 1080 enim
446 1010 504 1080 illa
527 1035 553 1082 ο.
581 1017 623 1079 14
646 1013 761 1080 iudicia
783 1035 804 1078 a
826 1013 978 1100 scriptore
1001 1012 1138 1098 quodam
1160 1015 1263 1099 petita
1285 1034 1354 1080 esse
1376 1036 1472 1102 supra

230 1122 380 1205 vidimuS,
416 1122 528 1189 deinde
555 1121 746 1189 Plutarchus
779 1143 870 1187 suam
904 1122 1003 1208 ipsius
1037 1123 1227 1187 sententiam
1261 1122 1327 1188 illis
1355 1122 1471 1189 diserte

229 1232 361 1316 opponit
383 1231 506 1313 (ἐπεῖχε
528 1231 609 1315 κτλ).
650 1229 739 1308 Quod
762 1248 836 1295 vero
859 1228 1049 1296 Plutarchus
1072 1250 1153 1312 eum,
1179 1231 1266 1296 cuius
1285 1230 1471 1297 relationem

229 1342 303 1404 ante
331 1338 570 1425 reprobaverat,
607 1337 708 1404 denuo
736 1336 823 1403 adire
851 1357 915 1403 non
941 1338 1061 1404 veritus
1090 1343 1152 1419 est,
1188 1359 1227 1404 ne
1250 1341 1321 1424 quis
1343 1343 1470 1405 nostrae

228 1448 415 1512 scotomiae
431 1451 650 1531 argumentum
678 1450 827 1534 opponat,
855 1466 919 1513 non
945 1447 1053 1512 timeo.
1104 1444 1152 1511 ua
1179 1448 1245 1513 sine
1274 1434 1373 1513 dubio
1395 1446 1471 1514 Plu-

227 1554 337 1621 tarcho
361 1555 554 1621 commodior
568 1557 638 1621 visa
653 1559 703 1621 est
717 1554 841 1636 relatio,
865 1573 957 1641 quaa,
981 1554 1176 1621 orationibus
1190 1555 1470 1643 historicorumque

227 1660 318 1729 libris
352 1665 437 1744 nisa,
473 1662 514 1729 ad
548 1664 649 1730 vitam
683 1683 848 1748 moresque
878 1662 1101 1728 Demosthenis
1135 1662 1340 1730 illustrandos
1375 1685 1470 1750 quam

227 1773 365 1836 maxime
400 1770 546 1837 idoneam
574 1770 791 1856 suppeditavit
817 1771 994 1837 materiam.
1041 1770 1148 1856 Atque
1177 1771 1292 1837 indicia
1319 1772 1470 1838 malevoli
1511 1834 1513 1838 .

228 1877 315 1944 illius
338 1880 474 1944 auctoris
497 1878 576 1944 haec
598 1879 806 1944 inveniuntur.
853 1878 892 1943 In
915 1899 942 1944 c.
968 1880 1011 1943 20
1034 1877 1273 1962 Demosthenes,
1302 1880 1470 1947 alacritate

228 1984 417 2052 Graecorum
447 1986 550 2053 elatus
578 1990 674 2073 atque
701 2008 825 2053 summa
850 1987 1002 2053 victoriae
1025 2008 1080 2074 spe
1103 1986 1268 2074 impletus,
1303 1988 1470 2056 Thebanos

227 2093 462 2182 Epaminondae
477 2094 688 2162 Athenienses
704 2094 837 2160 Periclis
861 2093 1015 2181 exemplo,
1039 2115 1078 2160 ne
1101 2095 1236 2162 oraculis
1253 2099 1469 2184 vaticiniisque

225 2204 358 2270 nimium
380 2204 552 2287 crederent,
576 2205 734 2271 monuisse
758 2206 863 2291 (μέχρι
885 2204 945 2287 μὲν
965 2201 1024 2269 οὖν
1040 2201 1160 2269 τούτων
1174 2202 1254 2290 ἀνὴρ
1275 2203 1315 2290 ἦν
1329 2205 1469 2285 ἀγαθὸς,

226 2311 338 2396 quihus
372 2313 476 2378 verbis
503 2310 694 2379 Plutarchus
716 2312 963 2379 Demosthenem
998 2333 1144 2379 excusare
1180 2313 1316 2380 voluisse
1352 2312 1466 2401 (Gebh

226 2439 257 2504 p.
275 2420 334 2505 45)
358 2421 485 2486 minime
508 2419 667 2506 putandus
691 2422 765 2506 est),
790 2423 823 2485 in
845 2441 953 2506 pugna
975 2425 1082 2487 autem
1097 2422 1167 2506 ipsa
1182 2421 1262 2486 nihil
1278 2442 1348 2488 curn
1365 2422 1468 2489 verbis

226 2528 290 2593 suis
313 2530 534 2596 convenienter
556 2524 667 2612 egisse,
692 2529 748 2595 sed
770 2530 952 2615 turpissime
976 2531 1092 2613 hugisse
1115 2534 1261 2596 narratur
1285 2532 1338 2617 (cl.
1364 2552 1389 2596 e.
1410 2535 1466 2597 14:

226 2635 394 2700 ἐπαινέσαι
422 2639 482 2719 μὲν
510 2628 703 2711 ἱκανώτατος
729 2635 769 2722 ἢν
798 2640 837 2700 τὰ
862 2642 924 2702 τῶν
946 2640 1115 2725 προγόνων
1138 2640 1238 2716 καλοὶ,
1264 2639 1468 2725 μιμήσασθαι

225 2744 261 2806 δὲ
284 2741 343 2823 οὗχ
366 2740 485 2827 ὅμοιος,
507 2749 541 2808 et
563 2742 620 2808 οὒκ
642 2743 688 2807 ὧν
714 2744 750 2807 ἐν
779 2756 842 2818 τοῖς
869 2741 983 2819 ὅπλοις
1017 2745 1227 2831 ἀξιόπιστος).
1284 2747 1382 2814 Aliud
1418 2769 1468 2813 ar-

226 2855 409 2934 gumentum
437 2852 477 2917 iis
505 2853 696 2934 continetur,
726 2871 806 2938 quae
835 2851 874 2918 de
897 2851 1110 2919 Demosthene
1133 2852 1300 2921 Persarum
1329 2856 1467 2942 pecuniis

226 2962 371 3046 corrupto
395 2958 568 3025 afferuntur
591 2963 649 3047 (=
673 2980 700 3026 ο.
719 2963 776 3025 14:
813 2962 856 3047 τῷ
879 2961 909 3024 δ’
923 2960 1057 3025 ἄνωθεν
1072 2963 1107 3025 ἐκ
1121 2963 1252 3028 Σούσων
1274 2965 1327 3026 καὶ
1343 2963 1468 3045 Ἐκβα-

226 3067 332 3131 τάνων
353 3068 508 3150 ἐπιβατὸς
527 3073 642 3155 χρυσιῳ
658 3070 794 3148 γεγονώς
808 3069 862 3133 καὶ
876 3071 1172 3154 κατακεκλυσμένος,
1198 3052 1236 3137 ci.
1253 3070 1346 3137 Diod.
1364 3071 1394 3137 X
1424 3071 1467 3153 H,

225 3178 271 3262 4).
319 3176 356 3241 In
384 3196 410 3243 ο.
437 3178 479 3243 23
507 3177 586 3244 haec
613 3176 753 3266 notanda
781 3182 855 3244 sunt
882 3179 993 3246 verba:
1030 3178 1064 3242 oi
1092 3179 1127 3243 ol·
1154 3177 1262 3254 πόλεις
1289 3179 1390 3244 πάλιν
1414 3182 1469 3247 roi>

225 3289 453 3371 Δημοσθένους
486 3286 749 3372 ἀναρριπίζοντος
783 3286 885 3363 αιίτὰς
912 3292 1097 3353 συνίσταντο
1120 3289 1186 3352 κτλ.
1201 3277 1217 3283 “
1237 3288 1290 3350 καλ
1318 3289 1351 3352 τὸ
1380 3294 1468 3375 βῆμα

224 3405 369 3474 κατεῖχεν
391 3392 409 3458 ὁ
432 3397 642 3480 Δημοσθένης
668 3397 734 3459 κτλ.
788 3399 924 3481 Θηβαίου
952 3395 988 3459 δι’·
1014 3396 1233 3481 προδοθέντες
1260 3394 1318 3461 ὑπ’
1341 3397 1468 3461 ἐκείνων

224 3503 289 3565 κτλ.
314 3505 430 3588 (Apro.)
453 3502 558 3577 δείσας
580 3503 616 3566 δὲ
639 3503 696 3589 τὴν
717 3503 814 3590 ὀργὴν
836 3505 901 3568 κτλ.
938 3503 990 3570 cll.
1009 3503 1102 3569 Diod.
1127 3501 1229 3585 XVII,
1255 3508 1285 3569 4.
1333 3503 1466 3570 Prorsus
1553 3501 1555 3505 ¹

223 3610 334 3676 eudem
357 3609 461 3676 colore
484 3613 518 3675 in
541 3631 566 3677 c.
591 3613 636 3676 24
657 3610 736 3677 haec
759 3610 921 3694 leguntur:
951 3614 1091 3677 ταπεινοὶ
1112 3613 1145 3676 d'
1167 3612 1324 3699 ἔπραττεν
1345 3613 1465 3698 ὁΔημ.

206 3719 288 3782 .κτλ.
318 3723 440 3805 βραχέα
469 3718 661 3805 συνεκινήθη
689 3720 809 3795 πάλιν,
836 3722 893 3783 εἶτ’
920 3720 1045 3806 ἔπτηξε.
1097 3719 1246 3805 Sequitur
1272 3718 1464 3805 Harpalicae

223 3846 336 3892 causae
358 3828 526 3909 narrratiO,
551 3827 639 3893 cuius
662 3827 701 3893 uf.
727 3847 752 3894 u.
776 3828 818 3891 25
842 3825 884 3914 ἦν
907 3828 938 3892 δ’
961 3828 1025 3914 ἄρα
1048 3829 1151 3903 δεινὸς
1173 3823 1368 3915 ὁἍρποιλος
1386 3829 1465 3914 ἐριο-

225 3936 310 3998 τικοῖι
333 3936 414 4020 πρὸς
436 3940 565 4020 χρυσίον
592 3934 709 4022 ἀνδρὸς
735 3936 813 4022 ὄψει
841 3936 895 3998 καὶ
920 3936 1066 4016 διαχύσει
1094 3936 1147 3999 καὶ
1174 3936 1286 4017 βολαῖς
1312 3936 1467 4020 ὖμμολτοιν

222 4040 369 4128 ἀνευρεῖν
397 4044 431 4107 τὸ
459 4042 544 4129 ἦθος
571 4045 643 4121 κτλ,
677 4064 695 4110 e
723 4043 837 4130 quihus
865 4043 943 4110 haec
970 4045 1126 4130 imprimis
1153 4043 1347 4130 respicienda
1374 4049 1461 4110 sunt:

223 4147 253 4214 oi
263 4149 294 4214 δ’
306 4149 460 4234 edocete
471 4151 678 4231 χλευάζοντες
689 4153 748 4233 οίιχ
759 4151 825 4217 ὑπὸ
838 4153 997 4238 συνάγχης
1012 4152 1163 4239 ἔφραζον,
1178 4153 1327 4229 ἀλλ’ῑὺπ
1342 4153 1461 4239 ἀρχορ·

221 4259 323 4344 άχχης
349 4259 508 4343 eldepadus
542 4259 664 4345 νύκτωρ
695 4261 751 4323 τὸν
785 4244 992 4346 δημαγωγὸν)
1025 4279 1105 4346 quae
1140 4262 1203 4326 utri
1237 4263 1322 4348 parti
1356 4265 1465 4327 auctor

220 4367 339 4449 faveat,
363 4366 538 4433 clarissime
561 4366 739 4433 ostendunt.
781 4365 856 4446 Quis
880 4368 965 4433 enim
986 4366 1064 4432 haec
1079 4367 1176 4432 verba
1192 4388 1298 4435 secum
1313 4372 1463 4454 reputans

221 4474 295 4540 illas
323 4495 350 4540 c.
378 4479 416 4540 ll
447 4494 539 4542 voees
565 4495 629 4541 non
656 4477 767 4541 statim
790 4475 984 4558 meminerit,
1015 4475 1189 4561 dequibus
1213 4479 1376 4562 supra(p.
1402 4478 1462 4562 46)

221 4580 376 4650 diximus?
401 4596 464 4660 τοῖς
486 4585 545 4669 μὲν
567 4582 627 4649 οὖν
650 4585 781 4660 πολλοῖς
804 4582 1056 4672 ὑποκρινόμενος
1078 4584 1186 4672 ἤρεσκε
1203 4588 1409 4668 θαυμαστῶς,
1432 4583 1463 4650 οἱ
