3442 5134
758 314 813 373 ...“
848 325 891 393 14
938 363 980 382 -.

251 505 441 590 usurpantur
463 503 575 579 συλᾶν,
597 501 766 591 ἱεροσυλία,
787 503 807 589 ᾗ
827 506 871 580 είς
895 505 929 569 τὸ
952 508 1047 582 θετον
1068 508 1267 591 παρανομία,
1291 506 1329 568 τὰ
1344 505 1418 591 περὶ
1434 505 1489 590 τὴν

251 611 436 695 ἐπιμέλειαν
464 614 519 678 wir
544 616 692 694 μαντείου
721 613 774 675 καὶ
804 610 904 677 τᾶλλα
932 612 1044 676 πάντα
1072 614 1111 676 τοὶ
1139 613 1220 699 πρὸς
1247 617 1411 695 ευσέβειαν
1437 612 1490 677 καὶ

252 721 359 805 κοινὴν
382 720 510 808 εἰρήνην
526 720 578 783 καὶ
592 717 746 803 ὁμόνοιαν
762 732 825 794 τοῖς
841 716 993 805 Ἕλλησιν
1008 719 1179 806 ἀνήκοντα,
1201 719 1282 786 nihil
1298 719 1336 786 de
1353 721 1490 786 auctoris
1612 720 1617 727 ’

251 829 350 915 ipsius
373 831 530 896 sententia
551 851 609 895 nos
632 829 731 895 doeet.
757 828 879 915 Nempe
902 849 953 895 res
968 830 1038 915 ipsa
1061 828 1214 895 eiusmodi
1236 849 1328 895 voees
1344 827 1490 914 suppedi-

252 939 344 1002 tavit.
381 936 470 1015 Quod
485 942 591 1003 autem
603 935 822 1024 Volquardsen
832 938 856 1022 ¹)
879 937 1017 1019 monuit·
1036 936 1158 1002 nullam
1172 934 1382 1003 Phocensium
1398 937 1491 1002 mise-

252 1045 419 1111 ricordiam
442 1046 475 1111 in
498 1045 588 1112 olade
604 1065 710 1111 eorum
727 1044 932 1112 describenda
947 1045 1091 1131 perspici,
1116 1046 1148 1109 in
1164 1043 1301 1110 Diodoro
1326 1044 1379 1131 (of.
1397 1065 1492 1130 supra

213 1184 216 1189 =
252 1175 283 1240 p.
303 1156 359 1239 12)
382 1153 463 1219 nihil
487 1154 582 1220 valet.
621 1153 732 1240 Neque
755 1155 856 1237 magis
873 1173 890 1218 e
906 1153 1009 1220 verbis
1026 1155 1080 1234 60,
1096 1159 1115 1214 4
1137 1151 1276 1234 οὐμιίνον
1291 1151 1391 1228 δόξαν
1406 1152 1491 1217 ευσε-

252 1267 340 1343 βείας
370 1265 423 1325 καὶ
453 1262 564 1348 ἀρετῆς
591 1263 792 1348 στρατηγικῆς
820 1260 1109 1347 περιποιησάμενος
1136 1259 1220 1324 ἀλλὰ
1248 1261 1300 1324 καί
1327 1262 1409 1347 πρὸς
1436 1261 1491 1345 τὴν

252 1371 429 1452 μέλλουσαν
451 1369 536 1447 αὐτῷ
558 1370 689 1455 αὔξησιν
711 1367 863 1448 γενέσθαι
886 1368 1012 1449 μεγάλα
1031 1367 1419 1453 προπαρασκευασάμενος
1434 1368 1491 1433 ιιτλ

253 1476 292 1542 de
320 1476 424 1543 studio
451 1477 587 1542 auotoris
614 1475 690 1563 quid
717 1476 794 1542 certi
822 1474 930 1558 colligi
953 1479 1067 1561 potest.
1114 1473 1257 1562 Philippi
1285 1476 1369 1545 enim
1391 1474 1491 1541 admi-

254 1586 375 1651 ratione
410 1604 482 1651 eum
509 1583 673 1667 flagrasse,
709 1585 780 1670 quis
808 1603 883 1650 sano
912 1581 1026 1649 iudioio
1055 1582 1127 1667 inde
1157 1582 1342 1656 oonoludat?
1382 1581 1491 1649 Alium

254 1692 338 1759 haud
361 1692 454 1758 dubie
470 1693 609 1757 animum
625 1712 651 1758 o.
670 1694 723 1774 38,
740 1691 871 1758 everha
884 1692 1022 1777 spirant:
1052 1691 1189 1777 ηίιξηκώς
1203 1691 1318 1756 ἑαυτοῦ
1333 1692 1388 1776 την
1402 1696 1492 1772 βασι-

254 1801 344 1864 λείαν
367 1813 435 1875 ταῖς
459 1825 490 1864 τε
513 1801 648 1888 πράξεσι
671 1801 724 1864 καὶ
747 1802 782 1889 τῇ
804 1800 885 1885 πρὸς
909 1801 942 1863 τὸ
966 1804 1060 1863 θείον
1075 1800 1227 1880 εὐσεβείᾳ.
1267 1798 1367 1885 Atqui
1383 1802 1491 1865 auctor

254 1908 310 1974 ille
338 1929 389 1974 res
417 1929 437 1973 a
463 1906 612 1994 Philippo
640 1905 794 1974 Phooaioo
823 1906 907 1972 bello
935 1911 1042 1990 gestas
1069 1908 1116 1972 ita
1144 1907 1345 1994 desoripsisse
1372 1905 1491 1974 Paolrio

254 2015 392 2098 videtur,
421 2017 512 2102 quasi
539 2014 743 2081 Macedonum
771 2035 826 2080 rex
853 2014 944 2082 nulla
970 2014 1035 2081 alia
1061 2037 1096 2082 re
1124 2017 1186 2082 nisi
1213 2037 1337 2082 summa
1364 2015 1492 2081 deorum

254 2125 374 2211 pietate
395 2144 433 2190 ao
452 2123 603 2207 religione
619 2126 779 2209 permotus
796 2122 951 2210 Delphico
967 2122 1087 2210 templo
1102 2123 1307 2211 Apollinique
1323 2123 1492 2190 auxiliatus

253 2237 346 2299 esset.
378 2230 488 2321 vVerba
510 2252 537 2298 o.
555 2234 597 2298 38
622 2231 714 2297 modo
739 2233 838 2298 eitata-
853 2232 1006 2299 eiusmodi
1022 2234 1143 2299 auotori
1159 2234 1278 2320 optime
1294 2232 1491 2311 conveniunt,

254 2340 309 2407 sed
332 2339 536 2427 quomodo-o.
562 2341 649 2421 58,3
673 2359 744 2405 oum
767 2339 826 2406 illa
848 2342 1005 2407 sententia
1028 2342 1203 2407 consentire
1227 2341 1359 2422 eogitari
1381 2339 1492 2426 possit,

253 2448 332 2513 mihi
355 2447 481 2534 quidem
504 2447 669 2513 obscurum
692 2450 750 2512 est.
798 2446 879 2513 Sunt
902 2448 986 2512 enim
1009 2446 1087 2513 haee
1115 2447 1149 2511 »ὁ
1173 2447 1207 2511 δὲ
1229 2447 1377 2528 βασιλεὺς
1399 2445 1495 2532 ἡδέως

254 2553 335 2640 ὁρῶν
359 2554 415 2638 τὴν
439 2558 630 2618 ταπείνωσιν
645 2551 762 2630 αιἰτῶν,
776 2554 829 2617 καὶ
844 2554 1036 2637 βουλόμενος
1053 2556 1092 2617 τὰ
1106 2555 1286 2640 Λευκτρικὰ
1303 2553 1495 2639 φρονήματα

192 2696 195 2699 ε
254 2662 410 2725 συστεῖλαι
439 2664 500 2725 τῶν
527 2663 694 2738 Βοιωτῶν,
721 2661 844 2740 ὀλίγους
872 2662 1038 2729 απέστειλε
1065 2657 1267 2749 στρατιώτας,
1294 2661 1371 2726 αιἰτό
1394 2661 1495 2743 μόνον

159 2823 164 2832 .
255 2769 492 2852 φυλαττόμενος
516 2769 549 2832 τὸ
577 2769 680 2855 δοκεῖν
703 2772 857 2856 περιορᾶν
886 2770 920 2833 τὸ
947 2781 1098 2852 μαντεῖον
1124 2769 1341 2854 σεσυλημένον.
1387 2767 1494 2854 Atque

254 2876 333 2942 haee
360 2879 452 2942 ineo
477 2878 580 2963 eapite
607 2876 768 2960 leguntur,
798 2876 881 2963 quod
904 2897 1059 2943 summam
1082 2878 1235 2964 pietatem
1259 2875 1495 2963 Volquardseno

255 2990 289 3050 et
303 2982 421 3050 Paokio
443 3006 519 3072 prae
543 3006 576 3051 se
600 2986 680 3051 ferre
704 2986 841 3051 videtur!
877 2984 1107 3068 Argumentum
1129 2985 1226 3068 igitur
1248 2984 1328 3050 illud
1352 3006 1369 3050 e
1392 2984 1495 3050 colore

255 3093 443 3158 narrationis
471 3094 606 3179 petitum
634 3095 667 3158 in
694 3113 720 3158 o.
747 3093 880 3159 58-60
907 3092 987 3157 nihil
1015 3092 1152 3179 proficit,
1189 3091 1244 3158 sed
1271 3094 1374 3178 ipsum
1397 3091 1495 3159 alium

256 3204 415 3267 auctorem
439 3206 534 3288 atque
558 3204 591 3266 in
613 3221 682 3288 opp.
702 3203 845 3283 28-33,
871 3201 1004 3267 35-40
1021 3199 1196 3267 adhibitum
1213 3220 1281 3267 esse
1297 3202 1495 3287 apertissime

205 3346 208 3351 ·
256 3310 460 3376 demonstrat.
498 3309 631 3375 Omnino
655 3313 761 3375 autem
786 3311 891 3396 opinio
912 3307 1211 3396 illaVolquardseni
1226 3306 1338 3374 Paokii
1354 3313 1497 3375 extrema

255 3416 411 3483 Diodorou
434 3421 524 3503 parte
547 3416 712 3483 refellitur.
756 3462 759 3465 -

347 3525 483 3590 Transeo
511 3545 593 3590 nuno
621 3523 662 3589 ad
685 3543 710 3589 o.
737 3527 870 3590 61-64
894 3527 1069 3591 aeouratius
1092 3522 1298 3611 inspicienda,
1327 3523 1496 3610 inquibus

256 3633 505 3715 δεισιδαιμονίαν
537 3634 851 3720 superstitionemque
886 3654 981 3719 quam
1009 3634 1180 3699 maximam
1208 3635 1316 3698 extare
1344 3630 1494 3698 faoillime

256 3740 375 3806 duobus
398 3737 464 3805 illis
488 3738 633 3822 concedo,
657 3759 788 3826 quorum
812 3742 980 3824 sententia,
1004 3743 1037 3806 in
1056 3740 1116 3807 hae
1131 3739 1262 3806 Diodori
1281 3744 1372 3826 parte
1388 3742 1495 3806 aueto÷

255 3869 321 3914 rem
348 3846 441 3912 illum
468 3867 494 3913 o.
521 3850 653 3914 28-40
678 3848 1015 3932 —religiosissimum
1039 3888 1081 3896 —
1106 3867 1272 3942 apparere,
1301 3849 1495 3930 argumentis

255 3976 327 4021 mea
349 3954 476 4042 quidem
499 3958 657 4022 sententia
679 3958 874 4041 gravissimis
898 3956 1108 4024 oonfirmatur.

250 4061 252 4063 ’
344 4061 499 4129 Diodorus
526 4065 561 4130 in
583 4063 697 4131 ultima
719 4063 797 4130 belli
820 4065 1010 4129 narrationis
1033 4066 1124 4149 parte
1147 4060 1304 4147 supplicia
1327 4061 1493 4146 sacrilego-

254 4189 324 4235 rum
350 4168 582 4237 illustraturum
610 4193 643 4238 se
667 4193 735 4238 esse
759 4173 826 4257 ipse
849 4171 1015 4258 profitetur
1038 4172 1111 4258 (61,
1136 4170 1180 4255 1);
1209 4191 1284 4234 nam
1306 4189 1369 4235 non
1392 4169 1494 4235 solum

256 4276 327 4353 τούς
349 4283 512 4355 αυθίντας
535 4283 587 4366 της
609 4279 794 4367 ἱεροσυλίας,
817 4277 873 4344 sed
895 4279 992 4344 etiam
1013 4297 1120 4343 omnes
1136 4276 1381 4363 quibuscumque
1398 4298 1494 4363 quae-

331 4514 351 4581 ¹)
369 4534 396 4586 p.
418 4516 478 4571 112.
