<?xml version="1.0" encoding="UTF-8"?>
<!DOCTYPE html PUBLIC "-//W3C//DTD XHTML 1.0 Transitional//EN"
    "http://www.w3.org/TR/xhtml1/DTD/xhtml1-transitional.dtd">
<html xmlns="http://www.w3.org/1999/xhtml" xml:lang="en" lang="en">
 <head>
  <title>
</title>
<meta http-equiv="Content-Type" content="text/html;charset=utf-8" />
  <meta name='ocr-system' content='tesseract 3.04.00' />
  <meta name='ocr-capabilities' content='ocr_page ocr_carea ocr_par ocr_line ocrx_word'/>
</head>
<body>
  <div class='ocr_page' id='page_1' title='image "./defontibusdemos01sturgoog_0025.png"; bbox 0 0 3442 5134; ppageno 0'>
   <div class='ocr_carea' id='block_1_1' title="bbox 714 336 936 438">
    <p class='ocr_par' dir='ltr' id='par_1_1' title="bbox 714 336 936 438">
     <span class='ocr_line' id='line_1_1' title="bbox 714 336 936 438; baseline -0.009 -14"><span class='ocrx_word' id='word_1_1' title='bbox 714 413 756 424; x_wconf 79' lang='grc'>-</span> <span class='ocrx_word' id='word_1_2' title='bbox 804 370 846 438; x_wconf 85' lang='lat'>17</span> <span class='ocrx_word' id='word_1_3' title='bbox 885 336 936 422; x_wconf 55' lang='grc' dir='ltr'>ζ.</span> 
     </span>
    </p>
   </div>
   <div class='ocr_carea' id='block_1_2' title="bbox 206 546 1484 3008">
    <p class='ocr_par' dir='ltr' id='par_1_2' title="bbox 206 546 1484 2367">
     <span class='ocr_line' id='line_1_2' title="bbox 207 546 1447 648; baseline -0.007 -21"><span class='ocrx_word' id='word_1_4' title='bbox 207 563 360 648; x_wconf 89' lang='lat' dir='ltr'>quautum</span> <span class='ocrx_word' id='word_1_5' title='bbox 383 551 451 624; x_wconf 89' lang='lat' dir='ltr'>lieri</span> <span class='ocrx_word' id='word_1_6' title='bbox 473 560 589 644; x_wconf 86' lang='lat' dir='ltr'>potest,</span> <span class='ocrx_word' id='word_1_7' title='bbox 614 575 721 622; x_wconf 89' lang='lat' dir='ltr'>eruere</span> <span class='ocrx_word' id='word_1_8' title='bbox 744 553 934 621; x_wconf 79' lang='lat' dir='ltr'><strong>studeamus.</strong></span> <span class='ocrx_word' id='word_1_9' title='bbox 975 552 1038 619; x_wconf 90' lang='lat' dir='ltr'>Sed</span> <span class='ocrx_word' id='word_1_10' title='bbox 1060 553 1093 618; x_wconf 91' lang='lat' dir='ltr'>in</span> <span class='ocrx_word' id='word_1_11' title='bbox 1116 546 1268 619; x_wconf 88' lang='lat' dir='ltr'>eiusmodi</span> <span class='ocrx_word' id='word_1_12' title='bbox 1290 550 1447 639; x_wconf 89' lang='lat' dir='ltr'>quaestio-</span> 
     </span>
     <span class='ocr_line' id='line_1_3' title="bbox 206 659 1447 754; baseline -0.006 -19"><span class='ocrx_word' id='word_1_13' title='bbox 206 669 298 736; x_wconf 89' lang='lat' dir='ltr'>nibus</span> <span class='ocrx_word' id='word_1_14' title='bbox 333 688 429 754; x_wconf 86' lang='lat' dir='ltr'>quarn</span> <span class='ocrx_word' id='word_1_15' title='bbox 463 666 603 730; x_wconf 86' lang='lat' dir='ltr'>maxima</span> <span class='ocrx_word' id='word_1_16' title='bbox 637 685 715 750; x_wconf 90' lang='lat' dir='ltr'>opus</span> <span class='ocrx_word' id='word_1_17' title='bbox 744 683 812 729; x_wconf 88' lang='lat' dir='ltr'>esse</span> <span class='ocrx_word' id='word_1_18' title='bbox 839 664 984 729; x_wconf 74' lang='lat' dir='ltr'>cautione</span> <span class='ocrx_word' id='word_1_19' title='bbox 1011 663 1044 727; x_wconf 91' lang='lat' dir='ltr'>in</span> <span class='ocrx_word' id='word_1_20' title='bbox 1072 659 1240 748; x_wconf 87' lang='lat' dir='ltr'>propatulo</span> <span class='ocrx_word' id='word_1_21' title='bbox 1268 665 1331 744; x_wconf 91' lang='lat' dir='ltr'>est,</span> <span class='ocrx_word' id='word_1_22' title='bbox 1367 683 1447 748; x_wconf 90' lang='lat' dir='ltr'>quae</span> 
     </span>
     <span class='ocr_line' id='line_1_4' title="bbox 207 768 1449 857; baseline -0.007 -14"><span class='ocrx_word' id='word_1_23' title='bbox 207 783 316 844; x_wconf 90' lang='lat' dir='ltr'>tamen</span> <span class='ocrx_word' id='word_1_24' title='bbox 344 796 364 840; x_wconf 90' lang='lat' dir='ltr'>a</span> <span class='ocrx_word' id='word_1_25' title='bbox 391 774 500 839; x_wconf 89' lang='lat' dir='ltr'>multis</span> <span class='ocrx_word' id='word_1_26' title='bbox 529 792 650 853; x_wconf 92' lang='lat' dir='ltr'>eorum,</span> <span class='ocrx_word' id='word_1_27' title='bbox 680 772 733 857; x_wconf 89' lang='lat' dir='ltr'>qui</span> <span class='ocrx_word' id='word_1_28' title='bbox 756 771 789 835; x_wconf 90' lang='lat' dir='ltr'>iu</span> <span class='ocrx_word' id='word_1_29' title='bbox 812 771 915 835; x_wconf 90' lang='lat' dir='ltr'>fontes</span> <span class='ocrx_word' id='word_1_30' title='bbox 938 768 1155 834; x_wconf 90' lang='lat' dir='ltr'>historicorum</span> <span class='ocrx_word' id='word_1_31' title='bbox 1180 773 1321 835; x_wconf 86' lang='lat' dir='ltr'>veterum</span> <span class='ocrx_word' id='word_1_32' title='bbox 1349 772 1449 856; x_wconf 90' lang='lat' dir='ltr'>inqui-</span> 
     </span>
     <span class='ocr_line' id='line_1_5' title="bbox 208 874 1484 968; baseline -0.005 -18"><span class='ocrx_word' id='word_1_33' title='bbox 208 887 358 964; x_wconf 75' lang='lat' dir='ltr'>siverunt,</span> <span class='ocrx_word' id='word_1_34' title='bbox 383 881 605 968; x_wconf 86' lang='lat' dir='ltr'>praetermissa</span> <span class='ocrx_word' id='word_1_35' title='bbox 628 884 687 945; x_wconf 92' lang='lat' dir='ltr'>est.</span> <span class='ocrx_word' id='word_1_36' title='bbox 727 878 902 965; x_wconf 75' lang='lat' dir='ltr'>Scriptores</span> <span class='ocrx_word' id='word_1_37' title='bbox 925 899 1021 967; x_wconf 86' lang='lat' dir='ltr'>quam</span> <span class='ocrx_word' id='word_1_38' title='bbox 1041 875 1281 960; x_wconf 80' lang='lat' dir='ltr'>diligentissime</span> <span class='ocrx_word' id='word_1_39' title='bbox 1297 879 1450 964; x_wconf 86' lang='lat' dir='ltr'>pervesti—</span> <span class='ocrx_word' id='word_1_40' title='bbox 1482 874 1484 879; x_wconf 68' lang='grc'>’</span> 
     </span>
     <span class='ocr_line' id='line_1_6' title="bbox 209 984 1450 1077; baseline -0.005 -19"><span class='ocrx_word' id='word_1_41' title='bbox 209 1012 310 1076; x_wconf 82' lang='lat' dir='ltr'>gesse,</span> <span class='ocrx_word' id='word_1_42' title='bbox 334 990 444 1077; x_wconf 90' lang='lat' dir='ltr'>quales</span> <span class='ocrx_word' id='word_1_43' title='bbox 467 989 570 1054; x_wconf 86' lang='lat' dir='ltr'>fontes</span> <span class='ocrx_word' id='word_1_44' title='bbox 589 988 733 1072; x_wconf 89' lang='lat' dir='ltr'>usurpati</span> <span class='ocrx_word' id='word_1_45' title='bbox 748 1006 816 1052; x_wconf 90' lang='lat' dir='ltr'>esse</span> <span class='ocrx_word' id='word_1_46' title='bbox 833 984 1009 1066; x_wconf 85' lang='lat' dir='ltr'>videantur,</span> <span class='ocrx_word' id='word_1_47' title='bbox 1034 984 1265 1051; x_wconf 84' lang='lat' dir='ltr'>demonstrasse</span> <span class='ocrx_word' id='word_1_48' title='bbox 1282 1005 1450 1072; x_wconf 90' lang='lat' dir='ltr'>eorumque</span> 
     </span>
     <span class='ocr_line' id='line_1_7' title="bbox 210 1094 1451 1181; baseline -0.004 -17"><span class='ocrx_word' id='word_1_49' title='bbox 210 1098 303 1165; x_wconf 89' lang='lat' dir='ltr'>fidem</span> <span class='ocrx_word' id='word_1_50' title='bbox 327 1097 512 1163; x_wconf 86' lang='lat' dir='ltr'>diiudicasse</span> <span class='ocrx_word' id='word_1_51' title='bbox 536 1094 692 1181; x_wconf 86' lang='lat' dir='ltr'>plerisque</span> <span class='ocrx_word' id='word_1_52' title='bbox 717 1114 829 1180; x_wconf 80' lang='lat' dir='ltr'>operae</span> <span class='ocrx_word' id='word_1_53' title='bbox 853 1113 916 1159; x_wconf 89' lang='lat' dir='ltr'>uon</span> <span class='ocrx_word' id='word_1_54' title='bbox 939 1094 1074 1179; x_wconf 88' lang='lat' dir='ltr'>pretium</span> <span class='ocrx_word' id='word_1_55' title='bbox 1097 1100 1161 1175; x_wconf 90' lang='lat' dir='ltr'>est,</span> <span class='ocrx_word' id='word_1_56' title='bbox 1189 1094 1244 1160; x_wconf 91' lang='lat' dir='ltr'>sed</span> <span class='ocrx_word' id='word_1_57' title='bbox 1267 1096 1374 1179; x_wconf 87' lang='lat' dir='ltr'>utique</span> <span class='ocrx_word' id='word_1_58' title='bbox 1396 1115 1451 1159; x_wconf 91' lang='lat' dir='ltr'>ne-</span> 
     </span>
     <span class='ocr_line' id='line_1_8' title="bbox 210 1199 1451 1295; baseline -0.005 -22"><span class='ocrx_word' id='word_1_59' title='bbox 210 1208 379 1295; x_wconf 82' lang='lat' dir='ltr'>cessarium</span> <span class='ocrx_word' id='word_1_60' title='bbox 394 1204 527 1285; x_wconf 77' lang='lat' dir='ltr'>videtin,</span> <span class='ocrx_word' id='word_1_61' title='bbox 553 1224 607 1268; x_wconf 87' lang='lat' dir='ltr'>eas</span> <span class='ocrx_word' id='word_1_62' title='bbox 627 1223 706 1288; x_wconf 88' lang='lat' dir='ltr'>quas</span> <span class='ocrx_word' id='word_1_63' title='bbox 729 1205 932 1268; x_wconf 84' lang='lat' dir='ltr'>excusserunt</span> <span class='ocrx_word' id='word_1_64' title='bbox 954 1199 1123 1267; x_wconf 88' lang='lat' dir='ltr'>relationes</span> <span class='ocrx_word' id='word_1_65' title='bbox 1146 1203 1240 1267; x_wconf 88' lang='lat' dir='ltr'>certis</span> <span class='ocrx_word' id='word_1_66' title='bbox 1263 1201 1451 1287; x_wconf 91' lang='lat' dir='ltr'>quibusdam</span> 
     </span>
     <span class='ocr_line' id='line_1_9' title="bbox 211 1308 1451 1401; baseline -0.006 -19"><span class='ocrx_word' id='word_1_67' title='bbox 211 1314 413 1401; x_wconf 77' lang='lat' dir='ltr'>scriptoribus</span> <span class='ocrx_word' id='word_1_68' title='bbox 429 1311 597 1392; x_wconf 78' lang='lat' dir='ltr'>vindicare,</span> <span class='ocrx_word' id='word_1_69' title='bbox 616 1315 711 1396; x_wconf 91' lang='lat' dir='ltr'>atque</span> <span class='ocrx_word' id='word_1_70' title='bbox 727 1308 911 1396; x_wconf 90' lang='lat' dir='ltr'>plerumque</span> <span class='ocrx_word' id='word_1_71' title='bbox 926 1310 976 1390; x_wconf 91' lang='lat' dir='ltr'>iis,</span> <span class='ocrx_word' id='word_1_72' title='bbox 996 1330 1012 1375; x_wconf 89' lang='lat' dir='ltr'>e</span> <span class='ocrx_word' id='word_1_73' title='bbox 1028 1329 1160 1396; x_wconf 91' lang='lat' dir='ltr'>quorum</span> <span class='ocrx_word' id='word_1_74' title='bbox 1176 1310 1310 1397; x_wconf 90' lang='lat' dir='ltr'>copiosis</span> <span class='ocrx_word' id='word_1_75' title='bbox 1326 1311 1451 1397; x_wconf 88' lang='lat' dir='ltr'>scriptis</span> 
     </span>
     <span class='ocr_line' id='line_1_10' title="bbox 212 1414 1452 1510; baseline -0.002 -24"><span class='ocrx_word' id='word_1_76' title='bbox 212 1441 386 1510; x_wconf 85' lang='lat' dir='ltr'>perpaucae</span> <span class='ocrx_word' id='word_1_77' title='bbox 409 1420 560 1507; x_wconf 87' lang='lat' dir='ltr'>reliquiae</span> <span class='ocrx_word' id='word_1_78' title='bbox 585 1422 725 1484; x_wconf 87' lang='lat' dir='ltr'>aetatem</span> <span class='ocrx_word' id='word_1_79' title='bbox 752 1416 902 1482; x_wconf 82' lang='lat' dir='ltr'>tulenmt.</span> <span class='ocrx_word' id='word_1_80' title='bbox 952 1414 1020 1493; x_wconf 80' lang='lat' dir='ltr'>Qua</span> <span class='ocrx_word' id='word_1_81' title='bbox 1046 1418 1080 1481; x_wconf 91' lang='lat' dir='ltr'>iu</span> <span class='ocrx_word' id='word_1_82' title='bbox 1107 1438 1141 1483; x_wconf 90' lang='lat' dir='ltr'>re</span> <span class='ocrx_word' id='word_1_83' title='bbox 1168 1417 1262 1483; x_wconf 91' lang='lat' dir='ltr'>multi</span> <span class='ocrx_word' id='word_1_84' title='bbox 1290 1438 1353 1483; x_wconf 89' lang='lat' dir='ltr'>uon</span> <span class='ocrx_word' id='word_1_85' title='bbox 1380 1437 1452 1484; x_wconf 92' lang='lat' dir='ltr'>con-</span> 
     </span>
     <span class='ocr_line' id='line_1_11' title="bbox 212 1523 1454 1614; baseline -0.005 -19"><span class='ocrx_word' id='word_1_86' title='bbox 212 1528 361 1608; x_wconf 87' lang='lat' dir='ltr'>siderant,</span> <span class='ocrx_word' id='word_1_87' title='bbox 379 1531 532 1614; x_wconf 89' lang='lat' dir='ltr'>quantum</span> <span class='ocrx_word' id='word_1_88' title='bbox 548 1526 795 1608; x_wconf 82' lang='lat' dir='ltr'>fragmentorum</span> <span class='ocrx_word' id='word_1_89' title='bbox 811 1523 890 1589; x_wconf 89' lang='lat' dir='ltr'>fides</span> <span class='ocrx_word' id='word_1_90' title='bbox 906 1524 946 1590; x_wconf 90' lang='lat' dir='ltr'>ab</span> <span class='ocrx_word' id='word_1_91' title='bbox 959 1530 1176 1610; x_wconf 85' lang='lat' dir='ltr'>excerptorum</span> <span class='ocrx_word' id='word_1_92' title='bbox 1188 1546 1263 1592; x_wconf 87' lang='lat' dir='ltr'>eura</span> <span class='ocrx_word' id='word_1_93' title='bbox 1274 1525 1454 1609; x_wconf 88' lang='lat' dir='ltr'>diligentia-</span> 
     </span>
     <span class='ocr_line' id='line_1_12' title="bbox 213 1631 1454 1724; baseline -0.005 -21"><span class='ocrx_word' id='word_1_94' title='bbox 213 1658 273 1724; x_wconf 88' lang='lat' dir='ltr'>que</span> <span class='ocrx_word' id='word_1_95' title='bbox 296 1636 434 1723; x_wconf 86' lang='lat' dir='ltr'>pendeat</span> <span class='ocrx_word' id='word_1_96' title='bbox 457 1653 613 1720; x_wconf 88' lang='lat' dir='ltr'>quamque</span> <span class='ocrx_word' id='word_1_97' title='bbox 637 1652 748 1717; x_wconf 88' lang='lat' dir='ltr'>pamm</span> <span class='ocrx_word' id='word_1_98' title='bbox 772 1651 923 1717; x_wconf 87' lang='lat' dir='ltr'>persaepe</span> <span class='ocrx_word' id='word_1_99' title='bbox 946 1652 963 1697; x_wconf 91' lang='lat' dir='ltr'>e</span> <span class='ocrx_word' id='word_1_100' title='bbox 987 1631 1173 1715; x_wconf 84' lang='lat' dir='ltr'>fragmentis</span> <span class='ocrx_word' id='word_1_101' title='bbox 1198 1633 1239 1699; x_wconf 91' lang='lat' dir='ltr'>ad</span> <span class='ocrx_word' id='word_1_102' title='bbox 1266 1635 1454 1720; x_wconf 87' lang='lat' dir='ltr'>seriptomm</span> 
     </span>
     <span class='ocr_line' id='line_1_13' title="bbox 214 1737 1455 1827; baseline -0.005 -15"><span class='ocrx_word' id='word_1_103' title='bbox 214 1743 373 1827; x_wconf 86' lang='lat' dir='ltr'>cogitandi</span> <span class='ocrx_word' id='word_1_104' title='bbox 389 1740 440 1808; x_wconf 87' lang='lat' dir='ltr'>vel</span> <span class='ocrx_word' id='word_1_105' title='bbox 456 1737 612 1807; x_wconf 86' lang='lat' dir='ltr'>scribendi</span> <span class='ocrx_word' id='word_1_106' title='bbox 628 1737 783 1803; x_wconf 89' lang='lat' dir='ltr'>rationem</span> <span class='ocrx_word' id='word_1_107' title='bbox 799 1737 1046 1822; x_wconf 90' lang='lat' dir='ltr'>intellegendam</span> <span class='ocrx_word' id='word_1_108' title='bbox 1062 1738 1227 1822; x_wconf 87' lang='lat' dir='ltr'>lucremur,</span> <span class='ocrx_word' id='word_1_109' title='bbox 1251 1743 1278 1807; x_wconf 92' lang='lat' dir='ltr'>si</span> <span class='ocrx_word' id='word_1_110' title='bbox 1293 1763 1344 1808; x_wconf 86' lang='lat' dir='ltr'>res</span> <span class='ocrx_word' id='word_1_111' title='bbox 1360 1741 1455 1806; x_wconf 88' lang='lat' dir='ltr'>aliter</span> 
     </span>
     <span class='ocr_line' id='line_1_14' title="bbox 215 1846 1455 1937; baseline -0.002 -20"><span class='ocrx_word' id='word_1_112' title='bbox 215 1852 328 1937; x_wconf 86' lang='lat' dir='ltr'>exponi</span> <span class='ocrx_word' id='word_1_113' title='bbox 351 1869 414 1915; x_wconf 90' lang='lat' dir='ltr'>uon</span> <span class='ocrx_word' id='word_1_114' title='bbox 437 1849 605 1934; x_wconf 89' lang='lat' dir='ltr'>potuerunt</span> <span class='ocrx_word' id='word_1_115' title='bbox 628 1850 723 1932; x_wconf 83' lang='lat' dir='ltr'>atque</span> <span class='ocrx_word' id='word_1_116' title='bbox 746 1847 908 1932; x_wconf 79' lang='lat' dir='ltr'>expositae</span> <span class='ocrx_word' id='word_1_117' title='bbox 932 1851 1013 1912; x_wconf 92' lang='lat' dir='ltr'>sunt.</span> <span class='ocrx_word' id='word_1_118' title='bbox 1062 1846 1147 1925; x_wconf 78' lang='lat' dir='ltr'>Quae</span> <span class='ocrx_word' id='word_1_119' title='bbox 1171 1849 1277 1916; x_wconf 91' lang='lat' dir='ltr'>sobria</span> <span class='ocrx_word' id='word_1_120' title='bbox 1299 1849 1455 1917; x_wconf 89' lang='lat' dir='ltr'>iudicandi</span> 
     </span>
     <span class='ocr_line' id='line_1_15' title="bbox 215 1954 1456 2043; baseline -0.002 -18"><span class='ocrx_word' id='word_1_121' title='bbox 215 1961 297 2026; x_wconf 90' lang='lat' dir='ltr'>ratio</span> <span class='ocrx_word' id='word_1_122' title='bbox 325 1960 357 2024; x_wconf 92' lang='lat' dir='ltr'>in</span> <span class='ocrx_word' id='word_1_123' title='bbox 385 1958 438 2039; x_wconf 92' lang='lat' dir='ltr'>iis,</span> <span class='ocrx_word' id='word_1_124' title='bbox 464 1972 548 2043; x_wconf 72' lang='lat' dir='ltr'>&#39;quae</span> <span class='ocrx_word' id='word_1_125' title='bbox 573 1955 612 2021; x_wconf 92' lang='lat' dir='ltr'>de</span> <span class='ocrx_word' id='word_1_126' title='bbox 635 1956 813 2022; x_wconf 90' lang='lat' dir='ltr'>auctoribus</span> <span class='ocrx_word' id='word_1_127' title='bbox 837 1978 857 2022; x_wconf 94' lang='lat' dir='ltr'>a</span> <span class='ocrx_word' id='word_1_128' title='bbox 879 1955 1018 2022; x_wconf 88' lang='lat' dir='ltr'>Diodoro</span> <span class='ocrx_word' id='word_1_129' title='bbox 1041 1957 1074 2021; x_wconf 90' lang='lat' dir='ltr'>in</span> <span class='ocrx_word' id='word_1_130' title='bbox 1096 1954 1252 2024; x_wconf 88' lang='lat' dir='ltr'>Phocaico</span> <span class='ocrx_word' id='word_1_131' title='bbox 1275 1957 1361 2023; x_wconf 90' lang='lat' dir='ltr'>bello</span> <span class='ocrx_word' id='word_1_132' title='bbox 1384 1977 1456 2025; x_wconf 89' lang='lat' dir='ltr'>eon-</span> 
     </span>
     <span class='ocr_line' id='line_1_16' title="bbox 215 2064 1457 2152; baseline -0.002 -19"><span class='ocrx_word' id='word_1_133' title='bbox 215 2066 378 2133; x_wconf 87' lang='lat' dir='ltr'>soribendo</span> <span class='ocrx_word' id='word_1_134' title='bbox 395 2064 546 2130; x_wconf 88' lang='lat' dir='ltr'>adhibitis</span> <span class='ocrx_word' id='word_1_135' title='bbox 561 2067 781 2150; x_wconf 87' lang='lat' dir='ltr'>pronuntiatae</span> <span class='ocrx_word' id='word_1_136' title='bbox 797 2068 880 2143; x_wconf 89' lang='lat' dir='ltr'>sunt,</span> <span class='ocrx_word' id='word_1_137' title='bbox 899 2064 1064 2129; x_wconf 89' lang='lat' dir='ltr'>sententiis</span> <span class='ocrx_word' id='word_1_138' title='bbox 1079 2086 1142 2131; x_wconf 89' lang='lat' dir='ltr'>non</span> <span class='ocrx_word' id='word_1_139' title='bbox 1158 2087 1269 2152; x_wconf 91' lang='lat' dir='ltr'>parum</span> <span class='ocrx_word' id='word_1_140' title='bbox 1286 2064 1457 2131; x_wconf 88' lang='lat' dir='ltr'>desiderari</span> 
     </span>
     <span class='ocr_line' id='line_1_17' title="bbox 215 2171 1458 2259; baseline -0.002 -19"><span class='ocrx_word' id='word_1_141' title='bbox 215 2173 293 2240; x_wconf 88' lang='lat' dir='ltr'>mihi</span> <span class='ocrx_word' id='word_1_142' title='bbox 316 2171 450 2255; x_wconf 82' lang='lat' dir='ltr'>videtur,</span> <span class='ocrx_word' id='word_1_143' title='bbox 475 2193 554 2258; x_wconf 91' lang='lat' dir='ltr'>quas</span> <span class='ocrx_word' id='word_1_144' title='bbox 577 2193 658 2238; x_wconf 88' lang='lat' dir='ltr'>nune</span> <span class='ocrx_word' id='word_1_145' title='bbox 681 2194 775 2259; x_wconf 91' lang='lat' dir='ltr'>quam</span> <span class='ocrx_word' id='word_1_146' title='bbox 792 2172 1013 2240; x_wconf 90' lang='lat' dir='ltr'>candidissime</span> <span class='ocrx_word' id='word_1_147' title='bbox 1029 2193 1200 2255; x_wconf 89' lang='lat' dir='ltr'>recensere,</span> <span class='ocrx_word' id='word_1_148' title='bbox 1225 2172 1351 2256; x_wconf 84' lang='lat' dir='ltr'>singula</span> <span class='ocrx_word' id='word_1_149' title='bbox 1366 2195 1458 2257; x_wconf 88' lang='lat' dir='ltr'>argu-</span> 
     </span>
     <span class='ocr_line' id='line_1_18' title="bbox 216 2280 1266 2367; baseline -0.002 -20"><span class='ocrx_word' id='word_1_150' title='bbox 216 2286 325 2347; x_wconf 87' lang='lat' dir='ltr'>menta</span> <span class='ocrx_word' id='word_1_151' title='bbox 347 2302 442 2367; x_wconf 91' lang='lat' dir='ltr'>quam</span> <span class='ocrx_word' id='word_1_152' title='bbox 465 2282 699 2347; x_wconf 88' lang='lat' dir='ltr'>accuratissime</span> <span class='ocrx_word' id='word_1_153' title='bbox 723 2280 899 2367; x_wconf 83' lang='lat' dir='ltr'>expendere</span> <span class='ocrx_word' id='word_1_154' title='bbox 922 2282 956 2346; x_wconf 90' lang='lat' dir='ltr'>in</span> <span class='ocrx_word' id='word_1_155' title='bbox 979 2282 1084 2347; x_wconf 92' lang='lat' dir='ltr'>auimo</span> <span class='ocrx_word' id='word_1_156' title='bbox 1107 2281 1186 2346; x_wconf 91' lang='lat' dir='ltr'>mihi</span> <span class='ocrx_word' id='word_1_157' title='bbox 1209 2285 1266 2347; x_wconf 89' lang='lat' dir='ltr'>est.</span> 
     </span>
    </p>

    <p class='ocr_par' dir='ltr' id='par_1_3' title="bbox 217 2386 1462 3008">
     <span class='ocr_line' id='line_1_19' title="bbox 244 2386 1458 2473; baseline 0.005 -26"><span class='ocrx_word' id='word_1_158' title='bbox 244 2442 247 2447; x_wconf 91' lang='grc'><em>,</em></span> <span class='ocrx_word' id='word_1_159' title='bbox 306 2387 355 2453; x_wconf 89' lang='lat' dir='ltr'>De</span> <span class='ocrx_word' id='word_1_160' title='bbox 384 2387 563 2453; x_wconf 88' lang='lat' dir='ltr'>auctoribus</span> <span class='ocrx_word' id='word_1_161' title='bbox 586 2386 717 2453; x_wconf 90' lang='lat' dir='ltr'>Diodori</span> <span class='ocrx_word' id='word_1_162' title='bbox 745 2387 796 2453; x_wconf 87' lang='lat' dir='ltr'>vel</span> <span class='ocrx_word' id='word_1_163' title='bbox 826 2389 865 2454; x_wconf 92' lang='lat' dir='ltr'>de</span> <span class='ocrx_word' id='word_1_164' title='bbox 893 2388 994 2454; x_wconf 93' lang='lat' dir='ltr'>altero</span> <span class='ocrx_word' id='word_1_165' title='bbox 1022 2388 1169 2472; x_wconf 89' lang='lat' dir='ltr'>religiose</span> <span class='ocrx_word' id='word_1_166' title='bbox 1194 2392 1320 2454; x_wconf 88' lang='lat' dir='ltr'>auctore</span> <span class='ocrx_word' id='word_1_167' title='bbox 1344 2387 1422 2453; x_wconf 88' lang='lat' dir='ltr'>duas</span> <span class='ocrx_word' id='word_1_168' title='bbox 1433 2389 1458 2473; x_wconf 88' lang='lat'>¹)</span> 
     </span>
     <span class='ocr_line' id='line_1_20' title="bbox 217 2494 1459 2584; baseline -0.001 -23"><span class='ocrx_word' id='word_1_169' title='bbox 217 2497 250 2562; x_wconf 91' lang='lat' dir='ltr'>in</span> <span class='ocrx_word' id='word_1_170' title='bbox 273 2500 381 2583; x_wconf 87' lang='lat' dir='ltr'>partes</span> <span class='ocrx_word' id='word_1_171' title='bbox 404 2496 463 2561; x_wconf 88' lang='lat' dir='ltr'>viri</span> <span class='ocrx_word' id='word_1_172' title='bbox 487 2494 571 2561; x_wconf 88' lang='lat' dir='ltr'>docti</span> <span class='ocrx_word' id='word_1_173' title='bbox 595 2497 768 2561; x_wconf 88' lang='lat' dir='ltr'>sententias</span> <span class='ocrx_word' id='word_1_174' title='bbox 793 2495 1000 2583; x_wconf 88' lang='lat' dir='ltr'>protulerunt.</span> <span class='ocrx_word' id='word_1_175' title='bbox 1049 2494 1318 2584; x_wconf 73' lang='lat' dir='ltr'>Volquardsen2),</span> <span class='ocrx_word' id='word_1_176' title='bbox 1347 2496 1459 2582; x_wconf 90' lang='lat' dir='ltr'>prioris</span> 
     </span>
     <span class='ocr_line' id='line_1_21' title="bbox 218 2599 1460 2691; baseline -0.002 -21"><span class='ocrx_word' id='word_1_177' title='bbox 218 2605 451 2686; x_wconf 86' lang='lat' dir='ltr'>antesignanus,</span> <span class='ocrx_word' id='word_1_178' title='bbox 475 2623 493 2667; x_wconf 91' lang='lat' dir='ltr'>e</span> <span class='ocrx_word' id='word_1_179' title='bbox 516 2602 751 2668; x_wconf 87' lang='lat' dir='ltr'>narratiuncula</span> <span class='ocrx_word' id='word_1_180' title='bbox 774 2602 812 2668; x_wconf 91' lang='lat' dir='ltr'>de</span> <span class='ocrx_word' id='word_1_181' title='bbox 828 2599 961 2669; x_wconf 83' lang='lat' dir='ltr'>Thrasio</span> <span class='ocrx_word' id='word_1_182' title='bbox 985 2603 1190 2690; x_wconf 88' lang='lat' dir='ltr'>stipendiario</span> <span class='ocrx_word' id='word_1_183' title='bbox 1212 2608 1251 2691; x_wconf 86' lang='lat' dir='ltr'>(c.</span> <span class='ocrx_word' id='word_1_184' title='bbox 1272 2606 1340 2690; x_wconf 81' lang='grc'>78),</span> <span class='ocrx_word' id='word_1_185' title='bbox 1365 2625 1460 2690; x_wconf 91' lang='lat' dir='ltr'>quam</span> 
     </span>
     <span class='ocr_line' id='line_1_22' title="bbox 219 2707 1460 2799; baseline -0.001 -22"><span class='ocrx_word' id='word_1_186' title='bbox 219 2732 290 2777; x_wconf 88' lang='lat' dir='ltr'>oum</span> <span class='ocrx_word' id='word_1_187' title='bbox 312 2709 443 2796; x_wconf 88' lang='lat' dir='ltr'>reliquis</span> <span class='ocrx_word' id='word_1_188' title='bbox 466 2710 531 2773; x_wconf 83' lang='lat' dir='ltr'>iere</span> <span class='ocrx_word' id='word_1_189' title='bbox 555 2708 699 2774; x_wconf 84' lang='lat' dir='ltr'>omnibus</span> <span class='ocrx_word' id='word_1_190' title='bbox 722 2707 763 2773; x_wconf 90' lang='lat' dir='ltr'>ad</span> <span class='ocrx_word' id='word_1_191' title='bbox 779 2708 985 2776; x_wconf 88' lang='lat' dir='ltr'>Timoleontis</span> <span class='ocrx_word' id='word_1_192' title='bbox 1008 2710 1173 2778; x_wconf 91' lang='lat' dir='ltr'>historiam</span> <span class='ocrx_word' id='word_1_193' title='bbox 1197 2711 1460 2799; x_wconf 90' lang='lat' dir='ltr'>pertinentibuse</span> 
     </span>
     <span class='ocr_line' id='line_1_23' title="bbox 220 2815 1462 2906; baseline 0.002 -24"><span class='ocrx_word' id='word_1_194' title='bbox 220 2816 341 2882; x_wconf 83' lang='lat' dir='ltr'>Timaei</span> <span class='ocrx_word' id='word_1_195' title='bbox 363 2815 504 2880; x_wconf 90' lang='lat' dir='ltr'>historiis</span> <span class='ocrx_word' id='word_1_196' title='bbox 528 2815 675 2880; x_wconf 89' lang='lat' dir='ltr'>haustam</span> <span class='ocrx_word' id='word_1_197' title='bbox 698 2835 766 2881; x_wconf 91' lang='lat' dir='ltr'>esse</span> <span class='ocrx_word' id='word_1_198' title='bbox 789 2836 847 2902; x_wconf 92' lang='lat' dir='ltr'>pro</span> <span class='ocrx_word' id='word_1_199' title='bbox 872 2820 956 2882; x_wconf 89' lang='lat' dir='ltr'>certo</span> <span class='ocrx_word' id='word_1_200' title='bbox 979 2816 1100 2899; x_wconf 88' lang='lat' dir='ltr'>habuit,</span> <span class='ocrx_word' id='word_1_201' title='bbox 1124 2839 1195 2906; x_wconf 87' lang='lat' dir='ltr'>epp.</span> <span class='ocrx_word' id='word_1_202' title='bbox 1215 2822 1348 2885; x_wconf 87' lang='grc'><strong>61-64</strong></span> <span class='ocrx_word' id='word_1_203' title='bbox 1365 2817 1462 2885; x_wconf 89' lang='lat' dir='ltr'>colori</span> 
     </span>
     <span class='ocr_line' id='line_1_24' title="bbox 221 2920 1462 3008; baseline -0.001 -17"><span class='ocrx_word' id='word_1_204' title='bbox 221 2921 444 2991; x_wconf 87' lang='lat' dir='ltr'>consimillima</span> <span class='ocrx_word' id='word_1_205' title='bbox 459 2920 591 2988; x_wconf 89' lang='lat' dir='ltr'>Diodori</span> <span class='ocrx_word' id='word_1_206' title='bbox 606 2924 639 2987; x_wconf 94' lang='lat' dir='ltr'>in</span> <span class='ocrx_word' id='word_1_207' title='bbox 654 2942 724 3008; x_wconf 89' lang='lat' dir='ltr'>opp.</span> <span class='ocrx_word' id='word_1_208' title='bbox 743 2924 887 3006; x_wconf 82' lang='lat'>28-40,</span> <span class='ocrx_word' id='word_1_209' title='bbox 906 2924 1040 2989; x_wconf 82' lang='grc'>56-64</span> <span class='ocrx_word' id='word_1_210' title='bbox 1056 2926 1286 2993; x_wconf 87' lang='lat' dir='ltr'>conscribendis</span> <span class='ocrx_word' id='word_1_211' title='bbox 1302 2931 1462 2992; x_wconf 89' lang='lat' dir='ltr'>auctorem</span> 
     </span>
    </p>
   </div>
   <div class='ocr_carea' id='block_1_3' title="bbox 220 3031 1577 3119">
    <p class='ocr_par' dir='ltr' id='par_1_4' title="bbox 220 3031 1577 3119">
     <span class='ocr_line' id='line_1_25' title="bbox 220 3031 1577 3119; baseline -0.001 -21"><span class='ocrx_word' id='word_1_212' title='bbox 220 3031 383 3099; x_wconf 86' lang='lat' dir='ltr'>Timaeum</span> <span class='ocrx_word' id='word_1_213' title='bbox 407 3031 503 3098; x_wconf 77' lang='lat' dir='ltr'>tuisse</span> <span class='ocrx_word' id='word_1_214' title='bbox 526 3032 628 3116; x_wconf 88' lang='lat' dir='ltr'>magis</span> <span class='ocrx_word' id='word_1_215' title='bbox 651 3032 784 3098; x_wconf 91' lang='lat' dir='ltr'>coniecit</span> <span class='ocrx_word' id='word_1_216' title='bbox 799 3054 895 3119; x_wconf 89' lang='lat' dir='ltr'>quam</span> <span class='ocrx_word' id='word_1_217' title='bbox 910 3032 1116 3119; x_wconf 84' lang='lat' dir='ltr'>contendit³).</span> <span class='ocrx_word' id='word_1_218' title='bbox 1156 3032 1257 3111; x_wconf 76' lang='lat' dir='ltr'>Quam</span> <span class='ocrx_word' id='word_1_219' title='bbox 1273 3034 1483 3101; x_wconf 80' lang='lat' dir='ltr'>sententiam·</span> <span class='ocrx_word' id='word_1_220' title='bbox 1574 3090 1577 3097; x_wconf 29' lang='lat' dir='ltr'>i</span> 
     </span>
    </p>
   </div>
   <div class='ocr_carea' id='block_1_4' title="bbox 220 3138 1463 3443">
    <p class='ocr_par' dir='ltr' id='par_1_5' title="bbox 220 3138 1463 3443">
     <span class='ocr_line' id='line_1_26' title="bbox 220 3138 1462 3226; baseline 0 -20"><span class='ocrx_word' id='word_1_221' title='bbox 220 3139 402 3226; x_wconf 81' lang='lat' dir='ltr'>Roessler⁴)</span> <span class='ocrx_word' id='word_1_222' title='bbox 419 3161 481 3205; x_wconf 91' lang='lat' dir='ltr'>non</span> <span class='ocrx_word' id='word_1_223' title='bbox 496 3138 599 3205; x_wconf 89' lang='lat' dir='ltr'>solum</span> <span class='ocrx_word' id='word_1_224' title='bbox 614 3139 762 3226; x_wconf 83' lang='lat' dir='ltr'>probavit</span> <span class='ocrx_word' id='word_1_225' title='bbox 777 3139 832 3206; x_wconf 89' lang='lat' dir='ltr'>sed</span> <span class='ocrx_word' id='word_1_226' title='bbox 848 3142 946 3206; x_wconf 88' lang='lat' dir='ltr'>etiam</span> <span class='ocrx_word' id='word_1_227' title='bbox 962 3141 1057 3206; x_wconf 84' lang='lat' dir='ltr'>novis</span> <span class='ocrx_word' id='word_1_228' title='bbox 1069 3143 1261 3224; x_wconf 87' lang='lat' dir='ltr'>argumentis</span> <span class='ocrx_word' id='word_1_229' title='bbox 1279 3142 1462 3207; x_wconf 78' lang='lat' dir='ltr'>continuare</span> 
     </span>
     <span class='ocr_line' id='line_1_27' title="bbox 222 3246 1461 3337; baseline 0.002 -25"><span class='ocrx_word' id='word_1_230' title='bbox 222 3250 362 3313; x_wconf 89' lang='lat' dir='ltr'>animum</span> <span class='ocrx_word' id='word_1_231' title='bbox 384 3247 516 3313; x_wconf 85' lang='lat' dir='ltr'>induxit.</span> <span class='ocrx_word' id='word_1_232' title='bbox 565 3246 683 3314; x_wconf 83' lang='lat' dir='ltr'>Contra</span> <span class='ocrx_word' id='word_1_233' title='bbox 705 3246 824 3315; x_wconf 81' lang='lat' dir='ltr'>Paclrio</span> <span class='ocrx_word' id='word_1_234' title='bbox 848 3269 919 3337; x_wconf 89' lang='lat' dir='ltr'>opp.</span> <span class='ocrx_word' id='word_1_235' title='bbox 945 3252 1103 3332; x_wconf 78' lang='lat'>28-303</span> <span class='ocrx_word' id='word_1_236' title='bbox 1128 3252 1295 3333; x_wconf 84' lang='lat' dir='ltr'>31,1-o;</span> <span class='ocrx_word' id='word_1_237' title='bbox 1320 3250 1378 3331; x_wconf 77' lang='lat'>323</span> <span class='ocrx_word' id='word_1_238' title='bbox 1404 3251 1461 3331; x_wconf 79' lang='lat'>333</span> 
     </span>
     <span class='ocr_line' id='line_1_28' title="bbox 223 3354 1463 3443; baseline -0.002 -21"><span class='ocrx_word' id='word_1_239' title='bbox 223 3357 371 3436; x_wconf 78' lang='lat'>38-403</span> <span class='ocrx_word' id='word_1_240' title='bbox 397 3355 529 3419; x_wconf 81' lang='grc'>56-64</span> <span class='ocrx_word' id='word_1_241' title='bbox 544 3354 744 3441; x_wconf 88' lang='lat' dir='ltr'>Demophilo,</span> <span class='ocrx_word' id='word_1_242' title='bbox 768 3377 862 3443; x_wconf 89' lang='lat' dir='ltr'>quem</span> <span class='ocrx_word' id='word_1_243' title='bbox 886 3356 1005 3424; x_wconf 93' lang='lat' dir='ltr'>bellum</span> <span class='ocrx_word' id='word_1_244' title='bbox 1029 3377 1152 3423; x_wconf 88' lang='lat' dir='ltr'>sacrum</span> <span class='ocrx_word' id='word_1_245' title='bbox 1176 3356 1216 3423; x_wconf 91' lang='lat' dir='ltr'>ab</span> <span class='ocrx_word' id='word_1_246' title='bbox 1232 3355 1359 3443; x_wconf 89' lang='lat' dir='ltr'>Ephoro</span> <span class='ocrx_word' id='word_1_247' title='bbox 1372 3360 1463 3443; x_wconf 88' lang='lat' dir='ltr'>patre</span> 
     </span>
    </p>
   </div>
   <div class='ocr_carea' id='block_1_5' title="bbox 85 3458 1464 3552">
    <p class='ocr_par' dir='ltr' id='par_1_6' title="bbox 85 3458 1464 3552">
     <span class='ocr_line' id='line_1_29' title="bbox 85 3458 1464 3552; baseline 0.001 -24"><span class='ocrx_word' id='word_1_248' title='bbox 85 3514 87 3517; x_wconf 22' lang='lat' dir='ltr'>v</span> <span class='ocrx_word' id='word_1_249' title='bbox 222 3462 368 3529; x_wconf 85' lang='lat' dir='ltr'>relietum</span> <span class='ocrx_word' id='word_1_250' title='bbox 386 3461 597 3548; x_wconf 90' lang='lat' dir='ltr'>composuisse</span> <span class='ocrx_word' id='word_1_251' title='bbox 613 3458 769 3529; x_wconf 85' lang='lat' dir='ltr'>Diodorus</span> <span class='ocrx_word' id='word_1_252' title='bbox 785 3465 853 3550; x_wconf 92' lang='lat' dir='ltr'>ipse</span> <span class='ocrx_word' id='word_1_253' title='bbox 876 3484 935 3531; x_wconf 87' lang='lat' dir='ltr'>nos</span> <span class='ocrx_word' id='word_1_254' title='bbox 957 3464 1050 3532; x_wconf 87' lang='lat' dir='ltr'>docet</span> <span class='ocrx_word' id='word_1_255' title='bbox 1073 3467 1114 3552; x_wconf 89' lang='lat' dir='ltr'>(e.</span> <span class='ocrx_word' id='word_1_256' title='bbox 1141 3468 1193 3548; x_wconf 82' lang='lat'>14,</span> <span class='ocrx_word' id='word_1_257' title='bbox 1210 3466 1253 3550; x_wconf 87' lang='lat'>3),</span> <span class='ocrx_word' id='word_1_258' title='bbox 1270 3463 1464 3530; x_wconf 85' lang='lat' dir='ltr'>restituenda</span> 
     </span>
    </p>
   </div>
   <div class='ocr_carea' id='block_1_6' title="bbox 223 3568 1469 4088">
    <p class='ocr_par' dir='ltr' id='par_1_7' title="bbox 223 3568 1469 4088">
     <span class='ocr_line' id='line_1_30' title="bbox 223 3568 1465 3658; baseline -0.002 -21"><span class='ocrx_word' id='word_1_259' title='bbox 223 3572 292 3637; x_wconf 86' lang='lat' dir='ltr'>visa</span> <span class='ocrx_word' id='word_1_260' title='bbox 319 3574 401 3636; x_wconf 88' lang='lat' dir='ltr'>sunt.</span> <span class='ocrx_word' id='word_1_261' title='bbox 449 3568 539 3635; x_wconf 88' lang='lat' dir='ltr'>Nihil</span> <span class='ocrx_word' id='word_1_262' title='bbox 567 3568 654 3635; x_wconf 87' lang='lat' dir='ltr'>aliud</span> <span class='ocrx_word' id='word_1_263' title='bbox 682 3591 774 3653; x_wconf 91' lang='lat' dir='ltr'>agere</span> <span class='ocrx_word' id='word_1_264' title='bbox 802 3592 884 3637; x_wconf 87' lang='lat' dir='ltr'>nunc</span> <span class='ocrx_word' id='word_1_265' title='bbox 913 3592 990 3658; x_wconf 92' lang='lat' dir='ltr'>opus</span> <span class='ocrx_word' id='word_1_266' title='bbox 1019 3576 1069 3638; x_wconf 87' lang='lat' dir='ltr'>est</span> <span class='ocrx_word' id='word_1_267' title='bbox 1096 3593 1191 3658; x_wconf 90' lang='lat' dir='ltr'>quam</span> <span class='ocrx_word' id='word_1_268' title='bbox 1219 3575 1256 3637; x_wconf 94' lang='lat' dir='ltr'>ut</span> <span class='ocrx_word' id='word_1_269' title='bbox 1281 3569 1465 3657; x_wconf 87' lang='lat' dir='ltr'>Damophili</span> 
     </span>
     <span class='ocr_line' id='line_1_31' title="bbox 224 3676 1466 3765; baseline -0.001 -20"><span class='ocrx_word' id='word_1_270' title='bbox 224 3680 368 3762; x_wconf 86' lang='lat' dir='ltr'>vestigia,</span> <span class='ocrx_word' id='word_1_271' title='bbox 394 3698 474 3764; x_wconf 88' lang='lat' dir='ltr'>quae</span> <span class='ocrx_word' id='word_1_272' title='bbox 498 3676 616 3743; x_wconf 88' lang='lat' dir='ltr'>Packio</span> <span class='ocrx_word' id='word_1_273' title='bbox 640 3677 724 3763; x_wconf 91' lang='lat' dir='ltr'>apud</span> <span class='ocrx_word' id='word_1_274' title='bbox 736 3676 909 3744; x_wconf 90' lang='lat' dir='ltr'>Diodorum</span> <span class='ocrx_word' id='word_1_275' title='bbox 932 3683 1042 3765; x_wconf 90' lang='lat' dir='ltr'>patere</span> <span class='ocrx_word' id='word_1_276' title='bbox 1066 3680 1135 3747; x_wconf 87' lang='lat' dir='ltr'>visa</span> <span class='ocrx_word' id='word_1_277' title='bbox 1157 3683 1239 3761; x_wconf 91' lang='lat' dir='ltr'>sunt,</span> <span class='ocrx_word' id='word_1_278' title='bbox 1266 3678 1392 3763; x_wconf 90' lang='lat' dir='ltr'>singula</span> <span class='ocrx_word' id='word_1_279' title='bbox 1414 3698 1466 3744; x_wconf 86' lang='lat' dir='ltr'>ae-</span> 
     </span>
     <span class='ocr_line' id='line_1_32' title="bbox 224 3783 1466 3872; baseline -0.002 -20"><span class='ocrx_word' id='word_1_280' title='bbox 224 3790 331 3852; x_wconf 86' lang='lat' dir='ltr'>curate</span> <span class='ocrx_word' id='word_1_281' title='bbox 359 3785 599 3872; x_wconf 86' lang='lat' dir='ltr'>perpendamus.</span> <span class='ocrx_word' id='word_1_282' title='bbox 647 3783 715 3862; x_wconf 81' lang='lat' dir='ltr'>Qua</span> <span class='ocrx_word' id='word_1_283' title='bbox 742 3786 776 3852; x_wconf 90' lang='lat' dir='ltr'>in</span> <span class='ocrx_word' id='word_1_284' title='bbox 805 3806 839 3851; x_wconf 87' lang='lat' dir='ltr'>re</span> <span class='ocrx_word' id='word_1_285' title='bbox 863 3806 902 3851; x_wconf 91' lang='lat' dir='ltr'>ne</span> <span class='ocrx_word' id='word_1_286' title='bbox 926 3790 999 3852; x_wconf 91' lang='lat' dir='ltr'>acta</span> <span class='ocrx_word' id='word_1_287' title='bbox 1021 3807 1114 3870; x_wconf 88' lang='lat' dir='ltr'>agere</span> <span class='ocrx_word' id='word_1_288' title='bbox 1137 3786 1246 3853; x_wconf 87' lang='lat' dir='ltr'>videar</span> <span class='ocrx_word' id='word_1_289' title='bbox 1272 3806 1335 3851; x_wconf 90' lang='lat' dir='ltr'>non</span> <span class='ocrx_word' id='word_1_290' title='bbox 1357 3785 1466 3865; x_wconf 89' lang='lat' dir='ltr'>timeo,</span> 
     </span>
     <span class='ocr_line' id='line_1_33' title="bbox 226 3891 1468 3981; baseline -0.001 -23"><span class='ocrx_word' id='word_1_291' title='bbox 226 3895 287 3958; x_wconf 87' lang='lat' dir='ltr'>etsi</span> <span class='ocrx_word' id='word_1_292' title='bbox 314 3895 378 3958; x_wconf 91' lang='lat' dir='ltr'>iam</span> <span class='ocrx_word' id='word_1_293' title='bbox 405 3893 554 3961; x_wconf 85' lang='lat' dir='ltr'>Roessler</span> <span class='ocrx_word' id='word_1_294' title='bbox 582 3897 615 3960; x_wconf 95' lang='lat' dir='ltr'>et</span> <span class='ocrx_word' id='word_1_295' title='bbox 642 3891 861 3980; x_wconf 89' lang='lat' dir='ltr'>Volquardsen</span> <span class='ocrx_word' id='word_1_296' title='bbox 869 3898 894 3981; x_wconf 86' lang='lat'>⁵)</span> <span class='ocrx_word' id='word_1_297' title='bbox 922 3895 1076 3961; x_wconf 89' lang='lat' dir='ltr'>nonnulla</span> <span class='ocrx_word' id='word_1_298' title='bbox 1102 3915 1165 3960; x_wconf 89' lang='lat' dir='ltr'>non</span> <span class='ocrx_word' id='word_1_299' title='bbox 1192 3894 1283 3981; x_wconf 86' lang='lat' dir='ltr'>parvi</span> <span class='ocrx_word' id='word_1_300' title='bbox 1315 3892 1468 3959; x_wconf 90' lang='lat' dir='ltr'>momenti</span> 
     </span>
     <span class='ocr_line' id='line_1_34' title="bbox 227 3993 1469 4088; baseline 0.001 -25"><span class='ocrx_word' id='word_1_301' title='bbox 227 4004 411 4082; x_wconf 85' lang='lat' dir='ltr'>argumenta</span> <span class='ocrx_word' id='word_1_302' title='bbox 433 3999 545 4067; x_wconf 87' lang='lat' dir='ltr'>Paohii</span> <span class='ocrx_word' id='word_1_303' title='bbox 568 3993 749 4068; x_wconf 36' lang='lat' dir='ltr'>sententiae*</span> <span class='ocrx_word' id='word_1_304' title='bbox 769 4007 989 4088; x_wconf 89' lang='lat' dir='ltr'>opposuerunt.</span> <span class='ocrx_word' id='word_1_305' title='bbox 1036 4001 1252 4085; x_wconf 90' lang='lat' dir='ltr'>Roesigerum,</span> <span class='ocrx_word' id='word_1_306' title='bbox 1277 4021 1469 4087; x_wconf 89' lang='lat' dir='ltr'>quamquam</span> 
     </span>
    </p>
   </div>
   <div class='ocr_carea' id='block_1_7' title="bbox 303 4197 1063 4270">
    <p class='ocr_par' dir='ltr' id='par_1_8' title="bbox 303 4197 1063 4270">
     <span class='ocr_line' id='line_1_35' title="bbox 303 4197 1063 4270; baseline 0.004 -16"><span class='ocrx_word' id='word_1_307' title='bbox 303 4197 323 4265; x_wconf 89' lang='lat'>¹)</span> <span class='ocrx_word' id='word_1_308' title='bbox 342 4202 381 4256; x_wconf 88' lang='lat' dir='ltr'>De</span> <span class='ocrx_word' id='word_1_309' title='bbox 400 4201 497 4254; x_wconf 81' lang='lat' dir='ltr'>Haalrii</span> <span class='ocrx_word' id='word_1_310' title='bbox 515 4203 589 4270; x_wconf 86' lang='lat' dir='ltr'>vagis</span> <span class='ocrx_word' id='word_1_311' title='bbox 608 4204 771 4257; x_wconf 84' lang='lat' dir='ltr'>coniecturis</span> <span class='ocrx_word' id='word_1_312' title='bbox 790 4205 870 4258; x_wconf 85' lang='lat' dir='ltr'>silere</span> <span class='ocrx_word' id='word_1_313' title='bbox 889 4204 1063 4258; x_wconf 84' lang='lat' dir='ltr'>mihi-liceat.</span> 
     </span>
    </p>
   </div>
   <div class='ocr_carea' id='block_1_8' title="bbox 300 4287 709 4449">
    <p class='ocr_par' dir='ltr' id='par_1_9' title="bbox 300 4287 709 4449">
     <span class='ocr_line' id='line_1_36' title="bbox 301 4287 449 4360; baseline -0.007 -16"><span class='ocrx_word' id='word_1_314' title='bbox 301 4287 322 4356; x_wconf 85' lang='lat'>²)</span> <span class='ocrx_word' id='word_1_315' title='bbox 341 4307 368 4360; x_wconf 86' lang='lat' dir='ltr'>p.</span> <span class='ocrx_word' id='word_1_316' title='bbox 390 4290 449 4344; x_wconf 89' lang='lat'><strong>113.</strong></span> 
     </span>
     <span class='ocr_line' id='line_1_37' title="bbox 300 4377 709 4449; baseline -0.002 -14"><span class='ocrx_word' id='word_1_317' title='bbox 300 4377 322 4448; x_wconf 82' lang='lat'>&#39;)</span> <span class='ocrx_word' id='word_1_318' title='bbox 343 4383 376 4436; x_wconf 81' lang='lat' dir='ltr'>ei.</span> <span class='ocrx_word' id='word_1_319' title='bbox 396 4381 549 4436; x_wconf 86' lang='lat' dir='ltr'>Jahresber.</span> <span class='ocrx_word' id='word_1_320' title='bbox 569 4382 629 4449; x_wconf 80' lang='lat' dir='ltr'>vn,</span> <span class='ocrx_word' id='word_1_321' title='bbox 648 4382 709 4436; x_wconf 78' lang='lat'>403.</span> 
     </span>
    </p>
   </div>
   <div class='ocr_carea' id='block_1_9' title="bbox 301 4470 624 4633">
    <p class='ocr_par' dir='ltr' id='par_1_10' title="bbox 301 4470 624 4633">
     <span class='ocr_line' id='line_1_38' title="bbox 301 4470 578 4541; baseline 0 -16"><span class='ocrx_word' id='word_1_322' title='bbox 301 4470 324 4539; x_wconf 84' lang='lat'>⁴)</span> <span class='ocrx_word' id='word_1_323' title='bbox 343 4474 362 4525; x_wconf 90' lang='lat' dir='ltr'>l.</span> <span class='ocrx_word' id='word_1_324' title='bbox 382 4488 404 4526; x_wconf 91' lang='lat' dir='ltr'>e.</span> <span class='ocrx_word' id='word_1_325' title='bbox 424 4490 451 4541; x_wconf 85' lang='lat' dir='ltr'>p.</span> <span class='ocrx_word' id='word_1_326' title='bbox 471 4472 515 4536; x_wconf 88' lang='grc'>49,</span> <span class='ocrx_word' id='word_1_327' title='bbox 535 4471 578 4526; x_wconf 81' lang='lat'>50.</span> 
     </span>
     <span class='ocr_line' id='line_1_39' title="bbox 301 4559 624 4633; baseline -0.006 -16"><span class='ocrx_word' id='word_1_328' title='bbox 301 4559 324 4628; x_wconf 87' lang='lat'>⁸)</span> <span class='ocrx_word' id='word_1_329' title='bbox 342 4563 497 4617; x_wconf 83' lang='lat' dir='ltr'>Jahresber.</span> <span class='ocrx_word' id='word_1_330' title='bbox 515 4580 542 4633; x_wconf 89' lang='lat' dir='ltr'>p.</span> <span class='ocrx_word' id='word_1_331' title='bbox 562 4560 624 4616; x_wconf 76' lang='lat'>402.</span> 
     </span>
    </p>
   </div>
   <div class='ocr_carea' id='block_1_10' title="bbox 0 0 1755 5134">
    <p class='ocr_par' dir='ltr' id='par_1_11' title="bbox 0 0 1755 5134">
     <span class='ocr_line' id='line_1_40' title="bbox 0 0 1755 5134; baseline 0 0"><span class='ocrx_word' id='word_1_332' title='bbox 0 0 1755 5134; x_wconf 95' lang='lat' dir='ltr'> </span> 
     </span>
    </p>
   </div>
  </div>
 </body>
</html>
