3442 5134
794 307 992 422 ξι-

273 538 360 604 aliud
382 541 465 605 inter
480 538 612 605 Diodori
634 542 778 604 auctores
801 538 970 604 discrimen
993 540 1083 603 extat
1102 537 1233 602 maximi
1248 536 1405 624 ponderis
1430 535 1514 622 quod

273 648 459 714 coniecturis
482 647 567 712 omni
590 647 778 713 auctoritate
803 645 981 712 carentibus
1002 645 1138 710 emedio
1153 643 1266 710 tollere
1282 645 1412 710 minime
1426 644 1511 710 licet.

273 755 379 843 Atque
406 754 466 822 hoc
494 755 662 822 discrimen
689 755 730 821 ad
758 755 860 821 fontes
890 776 909 819 a
936 753 1073 820 Diodoro
1102 753 1261 820 adhibitos
1289 752 1441 819 eruendos
1476 771 1513 819 ac

273 866 358 929 recto
382 863 595 929 aestimandos
618 863 838 946 grauissimum
863 866 1082 943 argumentum
1105 882 1173 928 esse
1197 861 1276 927 mihi
1299 861 1431 927 videtur.

363 971 511 1054 Legimus
540 972 623 1036 enim
651 990 676 1036 c.
707 971 765 1051 25,
801 969 877 1036 dum
904 968 1016 1035 Boeoti
1045 968 1180 1056 Delphis
1208 968 1354 1034 auxiliari
1387 973 1513 1055 parant,

273 1077 486 1144 Philomelum
508 1077 664 1165 templum
687 1098 776 1143 muro
799 1076 1051 1157 circumdedisse,
1076 1076 1242 1163 stipendiis
1266 1075 1395 1141 dimidio
1414 1077 1514 1142 auctis

274 1186 391 1253 multos
415 1187 623 1253 mercenarios
646 1188 794 1269 coegisse.
841 1185 937 1252 Haud
960 1185 1053 1252 dubie
1077 1186 1209 1252 eandem
1238 1205 1305 1250 rem
1333 1184 1416 1250 alter
1438 1184 1515 1251 Dio-

193 1288 195 1301 ’
275 1295 342 1360 dori
371 1298 479 1361 auctor
515 1298 555 1381 (c.
587 1296 645 1380 30)
680 1297 995 1376 commemoraverat,
1031 1293 1087 1359 sed
1122 1293 1340 1359 additamento
1375 1313 1516 1359 summae

275 1404 473 1469 auctoritatis
497 1402 734 1489 amplificatam.
782 1402 883 1469 Addit
906 1404 989 1467 enim
1013 1402 1184 1469 Diodorus:
1221 1395 1453 1487 προςδεομένοο
1480 1402 1516 1465 δὲ

276 1513 331 1574 τοῦ
354 1510 496 1592 πολέμοιο
520 1511 689 1597 χρημάτων
711 1511 884 1586 πλειόνων,
906 1509 1101 1597 ἠναγκάζετο
1118 1522 1181 1585 τοϊς
1195 1509 1289 1595 ἱεροῖς
1303 1507 1517 1594 ἀναθήμασιν

274 1617 443 1699 ἐπιβαλεῖν
471 1619 527 1691 τὰς
554 1629 661 1703 χεῖρας
688 1620 741 1681 καὶ
768 1620 869 1683 σολᾶν
901 1621 934 1682 τὸ
969 1630 1129 1702 μαντεῖον.
1181 1616 1266 1695 Quae
1302 1617 1517 1703 discrepantia

276 1728 368 1789 tanta
395 1727 458 1804 est,
488 1728 608 1810 quanta
635 1745 652 1790 e
677 1724 767 1790 nulla
790 1725 855 1791 alia
878 1747 912 1790 re
940 1726 1000 1791 nisi
1024 1746 1041 1790 e
1064 1724 1270 1791 relationibus
1293 1744 1419 1811 prorsus
1443 1743 1515 1790 con-

275 1832 381 1898 trariis
410 1853 430 1896 a
458 1831 596 1898 Diodoro
625 1853 641 1897 e
670 1832 789 1899 duobus
817 1832 884 1899 illis
913 1833 1051 1898 fontibus
1078 1834 1188 1919 petitis
1215 1831 1365 1919 explicari
1398 1835 1513 1917 potest.

275 1938 334 2005 Est
349 1940 433 2004 enim
449 1939 675 2026 discrepantia,
700 1962 775 2005 nam
790 1942 927 2026 priorem
943 1944 1101 2005 auctorem
1117 1942 1150 2005 in
1168 1940 1278 2006 eadem
1301 1960 1334 2004 re
1358 1938 1517 2004 narranda

276 2050 316 2132 (o.
349 2048 406 2131 25)
435 2045 514 2112 nihil
544 2047 582 2112 de
610 2047 730 2134 templo
760 2046 979 2113 aPhilomelo
1008 2047 1131 2134 direpto
1161 2049 1356 2133 exposuisse,
1385 2046 1517 2112 Diodori

274 2156 373 2221 verba
384 2155 607 2242 subsequentia
619 2155 746 2238 docent3
760 2154 911 2221 eiusmodi
925 2155 1008 2219 enim
1021 2175 1047 2220 c.
1063 2157 1116 2236 27,
1130 2163 1147 2218 3
1159 2155 1197 2220 oc
1211 2168 1274 2229 τοῖς
1286 2153 1379 2239 ἱεροῖς
1390 2155 1516 2240 χρήμα-

274 2281 325 2327 σιν
347 2264 565 2346 ἐπιβουλεύων
588 2267 620 2329 et
643 2265 661 2348 ξ
685 2266 707 2328 4
731 2263 849 2327 τῶνδὲ
872 2264 1044 2348 χρημάτων
1067 2263 1122 2327 τὸν
1147 2264 1244 2342 λόγον
1259 2262 1321 2347 ἔφη
1336 2266 1439 2327 πᾶσιν
1455 2273 1518 2337 τοῖς

270 2367 423 2455 Ἕλλησιν
446 2368 629 2435 ἀποδώσειν
651 2370 705 2433 καὶ
728 2371 819 2433 τόντε
840 2371 990 2452 σταθμὸν
1005 2371 1058 2433 καὶ
1074 2371 1129 2434 τὸν
1144 2368 1289 2454 ἀριθμὸν
1305 2374 1366 2434 τῶν
1381 2371 1515 2455 ἀναθη-

273 2479 385 2561 μάτων
407 2482 529 2560 ἕτοιμος
551 2481 634 2542 εἶναι
658 2477 879 2562 παραδιδόναι
897 2489 967 2551 τοῖς
989 2478 1191 2560 βουλομένοις
1211 2477 1370 2553 ἐξετάζειν
1390 2479 1516 2544 omnino

274 2606 331 2651 nos
355 2585 507 2672 suspicari
530 2588 656 2666 vetant,
681 2589 840 2650 auctorem
864 2584 995 2650 Diodori
1019 2583 1123 2650 simile
1146 2583 1222 2670 quid
1245 2590 1340 2670 atque
1364 2586 1397 2650 in
1421 2605 1446 2651 c.
1473 2587 1517 2650 30

275 2697 333 2774 est,
358 2692 453 2779 paulo
478 2696 551 2758 ante
574 2694 761 2759 narravisse.
803 2690 863 2756 Vix
881 2693 989 2771 timeo,
1013 2712 1053 2759 ne
1069 2692 1138 2777 quis
1154 2691 1259 2757 verbis
1276 2694 1353 2772 29,2
1369 2692 1517 2777 ἀτάφοις

275 2804 449 2886 pixiacensi
466 2803 537 2875 τοὺς
552 2799 729 2885 ἱεροσύλοις
745 2799 866 2886 aliquid
882 2801 1034 2864 momenti
1055 2799 1184 2864 tribuat.
1225 2798 1271 2864 nt
1294 2798 1409 2865 dixerit
1432 2801 1516 2887 quis-

161 2898 166 2905 ’
275 2909 375 2993 piam:
408 2907 557 2987 „Diodori
579 2908 706 2975 levitati
730 2907 856 2974 omissio
880 2905 940 2972 illa
962 2906 1129 2972 tribuenda
1153 2910 1203 2972 est
1218 2926 1317 2992 neque
1334 2927 1373 2971 ex
1388 2907 1516 2973 silentio

277 3019 495 3099 argumentum
519 3021 627 3103 petere
650 3014 761 3081 licetl“
803 3013 870 3097 Ego
893 3035 1064 3099 numquam
1088 3017 1124 3079 ut
1139 3013 1276 3079 Diodoro
1298 3018 1423 3080 tautam
1438 3014 1517 3080 leri-

276 3127 377 3188 tatem
392 3124 555 3210 imputem,
573 3146 593 3188 a
607 3146 658 3190 me
674 3125 844 3211 impetrare
861 3144 999 3210 possum,
1021 3127 1145 3189 tantam
1162 3128 1279 3189 utrem
1294 3128 1362 3189 tam
1375 3146 1515 3208 gravem

275 3229 423 3317 Delphici
445 3231 560 3317 templi
582 3231 813 3318 spoliationem,
838 3232 1089 3316 praetermisisse
1113 3251 1185 3296 eum
1208 3231 1343 3297 credam.

367 3338 415 3405 De
444 3340 547 3426 priore
576 3340 681 3422 igitur·
699 3339 881 3405 narratione
909 3340 962 3405 vix
997 3338 1135 3404 dubitari
1169 3341 1289 3425 potest:
1331 3338 1370 3404 de
1405 3339 1517 3426 templi

275 3446 464 3533 spoliatione
481 3451 590 3512 auctor
607 3446 663 3512 ille
675 3447 756 3512 nihil
767 3446 900 3528 dixerat,
917 3445 973 3512 sed
985 3445 1068 3511 alter
1079 3445 1117 3511 dc
1130 3446 1295 3529 sacrilegio
1308 3445 1516 3513 Phocensium

277 3557 374 3641 atque
398 3555 553 3640 imprimis
576 3553 746 3620 Philomeli
769 3555 895 3620 uberius
921 3546 1112 3619 disseruerat
1134 3573 1233 3639 neque
1257 3554 1318 3618 nisi
1341 3554 1518 3620 certissima

277 3668 464 3746 argumenta
487 3664 695 3749 proferuntur,
721 3664 795 3749 quin
811 3661 969 3728 Diodorus
992 3662 1088 3727 fontis
1111 3661 1159 3726 sui
1179 3659 1365 3727 relationem
1381 3662 1413 3727 in
1429 3682 1455 3728 c.
1473 3664 1516 3727 30

276 3772 450 3837 rectissime
474 3770 655 3852 reddiderit,
681 3770 826 3836 dubitare
849 3769 935 3836 licet.
976 3768 1028 3834 nd
1050 3768 1132 3834 hanc
1155 3788 1269 3846 meam,
1294 3789 1374 3854 quae
1389 3767 1516 3834 Haalrio

277 3883 407 3965 excepto
431 3880 482 3964 qui
496 3880 519 3964 ¹)
542 3880 662 3966 primus
686 3882 781 3964 atque
805 3876 891 3943 solus
914 3877 1026 3963 quanti
1042 3876 1194 3940 momenti
1211 3875 1252 3940 ad
1268 3875 1398 3942 Diodori
1414 3876 1516 3943 fontes

277 3985 492 4052 diiudicandas
515 3985 728 4072 discrepantia
750 3985 810 4050 illa
832 3986 889 4066 sit,
918 3989 1002 4051 recte
1026 3984 1187 4066 cognovit,
1218 3983 1258 4047 ab
1282 3985 1435 4064 omnium,
1463 3986 1517 4069 qui

277 4094 348 4160 huic
371 4094 548 4178 quaestioni
576 4114 684 4160 curam
713 4092 947 4178 impenderunt,
977 4090 1173 4177 opinionibus
1201 4111 1327 4177 prorsus
1357 4090 1515 4173 abhorret,

277 4202 467 4268 sententiam
480 4200 707 4267 defendendam
719 4201 783 4265 iarn
796 4219 876 4266 nunc
888 4198 1012 4285 reliqua
1022 4197 1180 4289 [liodorea
1193 4197 1299 4284 capita
1314 4198 1516 4284 inspiciamus

277 4328 404 4375 necesse
428 4313 486 4374 est.

353 4542 373 4614 ¹)
392 4564 419 4616 p.
439 4546 483 4602 50.
