3442 5134
760 362 894 455 ..144
941 406 981 415 -

251 542 423 611 Plutarcho
448 565 473 612 c.
500 548 520 611 6
549 544 739 612 rhetoricam
766 545 925 613 officinam
952 545 1096 613 redolent
1118 547 1243 614 Lihauii
1273 548 1350 615 haec
1379 548 1488 615 verba:

250 655 330 736 μετὰ
352 658 460 736 μέντοι
484 655 614 729 τούτους
638 654 710 729 τοὺς
731 653 859 732 ἀγῶνας
882 656 986 740 βραχὺ
1010 659 1045 745 τῇ
1065 655 1170 742 ἡλικίᾳ
1194 658 1369 742 προελθών
1394 675 1490 741 σοφι-

251 760 372 825 στεύειν
386 761 591 847 ἐνεχείρησεν,
606 765 662 826 εἶτ’
678 761 879 841 ἀπαλλαγείς
894 763 1007 827 τούτου
1023 764 1233 850 συνηγόρησεν
1247 766 1283 828 ἐν
1293 765 1491 850 δικαστηρίῳ,

252 869 375 945 τούτοις
394 869 428 934 ,δ’
451 866 558 956 ὥσπερ
580 876 764 955 γυμνασίοις
786 871 983 957 χρησάμενος
1004 873 1060 936 ἐπὶ
1085 874 1119 935 τὸ
1147 874 1345 958 δημαγωγεῖν
1371 876 1424 937 καί
1453 875 1491 936 τὰ

253 980 305 1062 τῆς
327 977 453 1053 πόλεως
475 977 628 1064 πράττειν
650 975 763 1065 ἦλθεν.
1149 1040 1151 1043 ,

341 1084 427 1164 Quae
450 1090 518 1151 tum
541 1086 580 1153 de
596 1088 735 1173 corporis
750 1088 837 1153 vitiis
852 1086 1079 1174 rhetoricisquc
1094 1088 1208 1155 studiis
1223 1088 1309 1175 apud
1323 1088 1491 1155 Libanium

251 1193 491 1280 subsequuntur,
515 1216 707 1282 quamquam
728 1195 820 1283 plura
841 1195 939 1262 aliam
953 1197 1089 1262 formam
1105 1196 1266 1284 praebent,
1292 1201 1399 1263 tamen
1414 1199 1489 1284 quin

252 1300 293 1367 ad
315 1303 447 1369 eandem
470 1302 510 1368 ad
533 1325 629 1390 quam
652 1303 754 1371 adhue
776 1308 917 1370 tractata
939 1303 1070 1371 redeant
1092 1306 1225 1391 stirpem
1248 1305 1329 1371 nihil
1352 1303 1488 1371 dubitari

251 1414 366 1496 potest.
405 1410 514 1478 Priore
537 1417 628 1499 parte
653 1411 799 1479 absoluta
814 1413 965 1479 Libanius
988 1414 1042 1500 qui
1064 1418 1143 1494 tum,
1167 1433 1239 1480 cum
1260 1412 1490 1480 Demosthenes

253 1519 285 1583 in
305 1518 439 1604 publicis
458 1521 551 1586 rebus
566 1522 685 1587 versari
701 1519 925 1604 ingrederetur,
951 1520 1141 1587 Graecarum
1158 1541 1262 1586 rerum
1277 1521 1372 1587 fuerit
1388 1526 1491 1587 status

252 1625 422 1712 explanare
438 1630 560 1716 incipit,
583 1629 622 1695 de
637 1651 701 1716 qua
716 1634 816 1716 parte,
841 1649 913 1696 eum
929 1630 997 1695 vita
1012 1650 1074 1695 non
1090 1630 1213 1713 integra
1227 1630 1268 1696 ad
1284 1648 1341 1696 uos
1357 1631 1489 1712 venerit,

250 1734 331 1800 nihil
346 1736 482 1803 iudicare
498 1737 582 1803 licet.
623 1736 766 1803 Duarum
781 1738 878 1820 igitur
894 1738 1031 1805 vitarum
1047 1737 1240 1824 comparatio
1256 1758 1293 1803 eo
1314 1758 1371 1804 uos
1393 1737 1489 1819 ducit,

251 1846 286 1908 ut
302 1844 340 1926 ei,
365 1866 459 1930 quam
475 1846 558 1911 inter
572 1842 917 1912 Pseudo-Plutarcheas
932 1843 1167 1932 Photianasque
1184 1846 1375 1912 intercedere
1396 1867 1491 1933 supra

251 1952 503 2038 comprobavisse
526 1954 605 2019 mihi
628 1953 745 2035 videor,
769 1954 885 2020 rationi
908 1953 1080 2021 consimilis
1104 1955 1185 2020 inter
1208 1952 1372 2022 Plutarchi
1395 1955 1490 2021 Liba-

251 2059 357 2145 niique
380 2063 463 2128 ritas
486 2062 656 2129 statuenda
678 2064 729 2129 sit.

341 2169 431 2236 Nunc
458 2171 523 2236 iam
547 2172 580 2236 in
602 2169 767 2238 Plutarchi
790 2173 857 2237 vita
880 2169 1089 2236 examinanda
1112 2191 1244 2256 pergens
1268 2192 1376 2238 omues
1400 2194 1490 2259 prae-

251 2278 387 2345 monitos
411 2300 480 2345 esse
504 2279 585 2362 volu,
610 2277 812 2345 Gebhardum
835 2279 1026 2345 sententiam
1050 2299 1120 2344 earn
1144 2279 1222 2344 mihi
1245 2300 1307 2345 non
1329 2280 1488 2366 probasse,

250 2406 314 2472 qua
336 2407 406 2474 cpp.
426 2389 556 2451 12-27
581 2407 632 2453 res
654 2385 739 2452 domi
759 2385 955 2472 militiaeque
971 2390 1087 2469 gestas,
1112 2406 1224 2468 murce,
1248 2387 1350 2474 quoad
1367 2389 1490 2454 adrem

251 2495 407 2581 publicam
432 2496 639 2581 pertinerent,
669 2497 716 2562 ita
738 2494 873 2561 describi
896 2495 1107 2574 existimavit,
1136 2498 1233 2561 uter
1260 2497 1416 2583 „stirpe“,
1441 2498 1490 2564 cui

251 2624 320 2690 epp.
347 2604 467 2685 b-ll,
495 2606 625 2669 28-31
652 2604 824 2669 maximam
848 2607 972 2690 partem
996 2601 1102 2668 deberi
1125 2603 1155 2668 ei
1178 2605 1247 2669 visa
1270 2609 1343 2670 sunt
1366 2625 1490 2691 quaque

250 2732 300 2777 res
323 2711 447 2797 publico
470 2715 579 2795 gestae
603 2711 786 2778 brevissime
811 2711 1017 2778 adumbratae
1041 2715 1156 2792 essent,
1183 2712 1313 2777 notitias
1327 2708 1490 2798 'quasdam

250 2822 459 2905 transpositas
483 2840 550 2886 csse
573 2824 741 2907 appareret
764 2822 810 2905 (p.
830 2821 897 2905 16).
937 2818 1148 2886 Diversitates
1171 2820 1357 2905 enimquas
1380 2819 1490 2887 doctus

250 2928 298 2992 vir
321 2928 404 2994 inter
426 2950 496 3016 opp.
522 2931 647 3011 5-11,
678 2930 808 2995 28-31
835 2934 869 2993 et
891 2948 961 3014 opp.
987 2931 1022 3008 4,
1054 2929 1184 2993 12-27
1210 2929 1339 3010 statuit,
1363 2933 1490 3014 praeter

250 3057 344 3101 unam
367 3035 484 3104 nullius
507 3038 658 3103 momenti
686 3039 769 3103 sunt.
817 3034 946 3101 Summe
975 3038 1081 3101 autem
1109 3035 1175 3101 iure
1198 3034 1403 3119 Roesigcrum
1431 3037 1490 3102 im·

250 3146 417 3231 pugnavit,
447 3147 501 3231 qui
524 3144 730 3211 Plutarchum
754 3145 819 3209 lere
842 3144 949 3209 omnia
973 3163 990 3208 e
1018 3142 1157 3209 fontibus
1185 3144 1249 3209 suis
1277 3145 1488 3230 exscripsisse,

249 3251 329 3318 nihil
352 3252 416 3317 fere
440 3275 457 3317 e
481 3275 538 3318 sua
561 3254 659 3339 ipsius
683 3251 826 3318 doctrina
852 3249 999 3317 attulisse
1028 3253 1174 3337 opinatus
1202 3256 1265 3333 est,
1295 3250 1351 3317 sed
1378 3250 1488 3317 ardore

249 3361 346 3427 verba
360 3358 533 3442 Plutarchi,
558 3364 832 3448 quantumcunque
854 3359 923 3449 lieri
945 3363 1060 3445 potest,
1085 3358 1342 3425 eDemosthenis
1357 3357 1489 3425 Aeschi-

249 3470 359 3555 nisque
382 3469 574 3535 orationibus
597 3467 760 3535 derivandi
781 3487 819 3534 eo
842 3467 991 3554 abreptus
1015 3472 1074 3550 est,
1099 3472 1135 3533 ut
1157 3468 1224 3532 lere·
1241 3468 1348 3533 omnia
1363 3488 1402 3532 ea
1417 3487 1516 3560 eum¹

249 3579 466 3645 historicorum
495 3578 717 3664 rhetorumque
745 3576 951 3643 relationibus
979 3598 999 3641 a
1021 3574 1192 3642 Plutarcho
1221 3560 1289 3661 ipso
1313 3576 1489 3662 composita

249 3707 317 3752 esse
340 3685 529 3773 persuadere
551 3686 642 3751 nobis
665 3684 814 3752 studeret.
863 3683 948 3762 Quae
972 3685 1068 3767 igitur
1090 3683 1168 3748 mihi
1192 3683 1231 3748 de
1255 3684 1404 3750 intricata
1430 3683 1488 3750 hae

249 3796 432 3881 quaestione
455 3815 475 3860 a
497 3792 665 3860 Gebhardo
689 3814 813 3860 summa
835 3812 906 3858 curn
930 3812 1003 3858 cura
1030 3795 1170 3857 tractata
1198 3790 1378 3870 videantur,
1407 3811 1489 3858 nunc

249 3902 372 3990 plenius
384 3904 581 3989 expositurus
593 3910 671 3968 sum.
708 3899 897 3968 Plutarchus
909 3903 1076 3987 postquam
1089 3898 1127 3964 ‹le
1140 3919 1262 3982 genere,
1279 3900 1487 3982 institutione,

249 4011 394 4077 oratoriis
418 4010 530 4077 studiis
552 4010 775 4077 Demosthenis
798 4018 836 4075 eri
859 4010 1018 4075 uberrima
1040 4008 1174 4073 materia
1202 4028 1228 4073 c.
1254 4012 1371 4072 4-11
1404 4028 1489 4073 coru-

250 4119 369 4207 posuit,
398 4118 469 4184 inde
497 4141 518 4184 a
545 4138 570 4185 c.
598 4121 654 4200 12,
684 4118 716 4184 id
739 4117 822 4204 quod
845 4117 948 4184 solum
972 4116 1001 4182 ei
1024 4115 1176 4202 principio
1200 4116 1396 4201 propositum
1419 4119 1489 4180 erat
1586 4194 1593 4205 „

250 4230 290 4313 (c.
322 4228 372 4312 3),
408 4227 477 4292 ἀπὸ
506 4230 568 4291 τῶν
595 4225 743 4312 πράξεων
769 4226 823 4290 καὶ
851 4229 903 4310 τῆς
930 4225 1093 4298 πολιτείας
1119 4243 1223 4289 mores
1251 4224 1384 4288 oratoris
1420 4242 1488 4288 sese

249 4333 481 4402 illustraturum
510 4346 578 4401 esse
606 4336 674 4422 ipsc
702 4333 876 4421 profitetur.
929 4332 1035 4419 Atque
1064 4332 1246 4417 priusquam
1274 4330 1314 4396 ad
1347 4329 1488 4413 singulas

249 4462 299 4508 res
323 4444 475 4510 memoria
497 4443 652 4529 imprimis
675 4441 785 4526 dignas
809 4428 1001 4508 enarrandas
1025 4443 1176 4521 transeat,
1201 4440 1234 4504 in
1253 4440 1432 4504 universum
1448 4436 1487 4503 de

250 4550 424 4621 rationibus
447 4550 694 4635 eDemostheue
717 4550 751 4618 iu
772 4549 866 4617 rebus
889 4548 1013 4639 publice
1034 4546 1177 4637 gerendis
1193 4546 1345 4613 adhibitis
1361 4546 1489 4612 disserit
