3442 5134
676 442 760 479 .-
810 348 942 469 5'1'-
1189 434 1194 445 2

210 584 274 654 fere
303 583 407 655 Verbis
436 582 548 673 qulbus
576 582 690 652 Suidas
717 571 832 667 ulitur,
862 604 893 670 p.
924 585 1006 666 300,
1035 584 1077 650 87
1108 604 1153 670 sq.
1183 583 1237 646 καὶ
1263 582 1324 670 γὰρ
1353 576 1452 647 αυτόν

211 714 312 781 φασιν
334 691 424 769 ὅπως
444 694 488 779 pq
512 696 619 780 προίοι
643 694 686 757 δι’
709 691 867 776 αἰσχύνην
890 691 997 755 οἴκαδε
1021 694 1227 777 συνείρξαντα
1249 686 1364 755 ἑαυτὸν
1391 692 1451 753 ἆσ-

210 808 339 890 κεῖσθοιι
367 798 497 890 (Suidas'
522 823 552 868 v.
578 801 620 866 45
650 803 713 886 sq:
749 795 827 863 cioca
857 819 1023 884 φασιν-
1048 806 1102 863 ἵνα
1129 799 1208 885 μήτε
1235 804 1341 886 π’ροίοι
1369 801 1453 884 κτλ),
1511 807 1515 815 ’

150 930 159 937 ”
211 911 264 996 qui
293 914 399 975 autem
425 908 510 974 idem
540 906 653 973 Suidas
682 927 752 975 oum
780 905 948 991 Anonymo
977 910 1087 972 contra
1112 905 1271 972 Zosimum
1298 907 1375 973 facit
1402 907 1452 972 his
1509 917 1513 926 '

211 998 315 1084 verbis
338 1038 367 1084 v.
394 1019 452 1082 46:
489 1018 619 1103 ξυρῆσαι
646 1018 708 1101 τῆς
726 1010 868 1100 νεφαλῆς
893 1017 986 1101 μέρος
1001 1012 1097 1101 (Zos.
1119 1012 1209 1097 300,
1235 1017 1276 1082 87
1306 1014 1451 1101 ξυρῶντά

107 1116 111 1122 ’
211 1151 291 1211 ποτε
320 1130 374 1190 τοῦ
403 1125 557 1203 πώγωνος
585 1123 618 1186 τὸ
647 1118 766 1208 ἥμισυ).
790 1202 794 1207 ,
817 1119 988 1188 Praeterea
1015 1121 1156 1189 Zosimus
1188 1122 1286 1188 Suida
1320 1127 1450 1209 excepto

190 1233 299 1300 'solus
323 1233 361 1298 de
385 1231 460 1298 filiis
484 1254 503 1297 a
523 1228 737 1297 Demosthene
762 1229 881 1296 dotatis
904 1231 1100 1318 captivisque
1123 1230 1236 1297 solutis
1258 1231 1356 1297 verba
1376 1232 1453 1297 facit

213 1334 305 1430 (300,
332 1342 395 1406 106
420 1343 494 1427 sq.).
540 1339 663 1435 Deinde
688 1338 798 1404 cadem
822 1342 902 1426 quae
926 1339 1009 1426 apud
1032 1332 1162 1405 Suidam
1185 1341 1264 1406 vitia
1287 1344 1321 1405 et
1342 1338 1453 1405 iisdem

212 1451 277 1517 fere
301 1437 411 1516 verbis
428 1446 511 1535 apud
527 1446 686 1513 Zosimum
708 1445 856 1529 leguntur
879 1467 909 1532 p.
928 1448 1004 1529 299,
1029 1449 1172 1513 61—65.
1211 1445 1264 1514 Ad
1280 1450 1454 1513 extremum
1524 1440 1526 1443 ’

212 1563 245 1625 et
268 1556 425 1624 aZosimo
450 1561 483 1622 et
508 1578 527 1620 a
543 1554 641 1621 Suida
656 1552 791 1621 Archias
807 1554 978 1640 ὑποκριτὴς
993 1552 1182 1642 appellatur.
1223 1554 1343 1622 Auctor
1358 1556 1455 1639 igitur
1545 1569 1548 1573 ·

116 1725 119 1729 f
212 1688 232 1732 a
259 1665 358 1732 Suida
386 1663 465 1752 (ill)
501 1663 675 1750 exscriptus
703 1662 871 1748 Anonymo
907 1661 1101 1746 simillimus,
1137 1663 1192 1729 sed
1227 1663 1454 1731 necessitudine

213 1773 351 1861 quadam
385 1793 456 1838 oum
484 1769 607 1837 Zosimo
643 1771 825 1859 coniunctus
860 1773 938 1836 erat.
991 1768 1092 1848 Quam
1127 1770 1169 1837 ad
1199 1773 1373 1839 accuratius
1402 1771 1455 1838 de-

117 1884 119 1891 '
214 1879 383 1947 finiendam
399 1878 516 1946 Zosimi
531 1878 692 1964 Anonymi
712 1877 826 1944 Suidae
851 1880 936 1944 vitae
960 1898 1040 1946 nunc
1063 1879 1146 1945 inter
1169 1901 1202 1946 se
1226 1879 1454 1967 comparandae

214 1991 296 2056 sunt.
343 1986 393 2054 De
420 2007 533 2071 genere
562 1987 704 2052 oratoris
723 1985 865 2053 Zosimus
894 1989 927 2052 et
953 1984 1139 2072 Anonymus
1167 1972 1317 2075 pleraque
1347 2010 1363 2054 e
1391 1978 1456 2055 De-

152 2102 159 2121 '
212 2095 386 2162 mosthenis
422 2094 650 2181 Aeschinisque
691 2094 884 2161 orationibus
923 2096 1025 2181 petita
1062 2096 1230 2182 praebent;
1269 2086 1457 2182 Anonymus

213 2204 310 2270 nimio
334 2203 471 2291 quodam
494 2202 616 2268 fervore
640 2222 696 2289 per
719 2202 821 2267 totam
845 2203 946 2268 vitam
969 2202 1110 2269 maculas
1132 2202 1291 2289 quaslibet
1308 2226 1327 2269 a
1342 2224 1455 2291 paren·

213 2311 300 2378 tibus
324 2316 357 2377 ct
380 2311 420 2377 ab
445 2312 567 2376 oratore
591 2310 660 2397 ipso
681 2308 809 2376 abluere
825 2309 941 2377 studet.
981 2300 1030 2377 De
1040 2311 1239 2394 educatione,
1264 2312 1456 2399 quamquam

129 2463 140 2475 ·-
215 2420 248 2485 iu
275 2420 455 2488 universum
483 2420 695 2501 consentiunt,
724 2422 832 2485 tamen
860 2439 922 2484 non
950 2419 1069 2485 eodem
1087 2416 1217 2486 utuntur
1241 2418 1454 2487 fundamento.

213 2526 337 2594 Zosimo
362 2531 490 2594 auctore
505 2525 747 2609 Demosthenes,
772 2547 963 2613 quamquam
987 2547 1026 2592 ne
1052 2528 1089 2590 rol
1115 2531 1177 2591 τῶν
1199 2528 1327 2592 παίδων
1347 2531 1455 2611 ageret

213 2640 334 2704 tutores
358 2635 583 2723 prohibebant,
612 2640 720 2700 tamen
742 2633 946 2701 nihilominus
969 2632 1097 2701 Platoni
1121 2652 1249 2723 operam
1272 2635 1374 2718 dedit,
1401 2635 1461 2702 sed*
1531 2634 1534 2637 ’
1581 2683 1584 2687 .

214 2766 234 2809 a
258 2743 445 2810 Callistrato
470 2743 511 2810 ad
534 2742 733 2830 eloquentiae
757 2743 896 2809 studium
919 2745 1068 2809 incitatus
1089 2744 1171 2809 lsaei
1195 2739 1361 2832 disciplina
1382 2765 1457 2811 usus

215 2855 273 2918 est.
313 2850 499 2936 Anonymus
522 2850 603 2917 nihil
627 2848 665 2916 de
682 2847 816 2916 Platone
840 2854 1074 2932 commemorat,
1099 2849 1179 2916 nihil
1202 2850 1241 2916 de
1260 2838 1455 2934 Callistrato,

215 2979 315 3045 neque
340 2958 443 3042 magis
466 2958 593 3040 Suidas,
624 2958 709 3024 cuius
733 2962 892 3024 auctorem
916 2979 986 3024 cum
1009 2957 1176 3045 Anonymo
1200 2960 1358 3026 artissime
1385 2980 1457 3026 oon—

216 3069 357 3133 iunctum
385 3088 454 3133 esse
485 3066 557 3132 inde
591 3065 683 3133 facile
720 3069 861 3153 apparet.
915 3065 978 3131 Sed
1011 3071 1119 3132 tamen
1154 3067 1286 3134 eundem
1321 3066 1457 3141 colorem

216 3174 358 3241 Zosimus
394 3178 427 3240 et
455 3174 641 3260 Anonymus
677 3174 839 3256 exhibent,
877 3172 957 3240 alius
991 3158 1141 3240 leviorem
1174 3173 1254 3241 alius
1284 3175 1457 3240 uberiorem

217 3278 301 3371 (Zos.
327 3285 403 3369 289,
429 3284 547 3367 stq,
574 3283 626 3347 38.
666 3280 727 3346 An.
753 3283 829 3363 303,
854 3283 1013 3366 33-36).
1054 3279 1163 3359 Qualis
1187 3283 1457 3349 vereratiointer
1517 3308 1520 3311 ·

217 3390 420 3476 Anonymum
445 3392 478 3455 et
501 3387 631 3454 Suidam
655 3386 734 3475 (III)
757 3388 943 3471 intercedat,
968 3409 1004 3455 eo
1021 3376 1226 3476 'apertissime
1250 3391 1456 3474 cognoscitur,

217 3497 301 3584 quod
318 3498 364 3563 ’ab
390 3501 531 3584 utroque
550 3495 680 3562 tutelari
709 3517 821 3562 causae
850 3497 997 3578 narratio,
1018 3496 1056 3562 de
1085 3497 1227 3564 conclavi
1255 3498 1457 3563 subterraneo

217 3612 250 3673 et
273 3605 311 3671 de
336 3606 450 3692 capitis
473 3607 564 3692 parte
587 3608 680 3670 tonsa
700 3605 926 3691 praemittitur,
951 3625 1021 3671 oum
1037 3602 1177 3672 Zosimus
1199 3625 1261 3672 non
1276 3606 1377 3671 solum
1391 3590 1457 3670 'alio

217 3713 287 3781 loco
317 3712 355 3778 de
383 3711 433 3778 his
461 3712 554 3779 rebus
583 3715 672 3795 agat,
708 3711 763 3778 sed
795 3711 894 3777 etiam
922 3711 1168 3779 Demosthenem
1191 3702 1248 3800 '(p.
1279 3715 1361 3795 300,
1399 3714 1456 3798 85)

217 3822 345 3906 ἀνδρῶν
367 3820 490 3899 ἄγοντα
512 3819 638 3905 ἡλικίαν
660 3819 777 3885 barbae
802 3818 965 3884 dimidiam
990 3823 1113 3906 partem
1137 3819 1310 3887 totondisse
1331 3810 1458 3887 disertis

218 3927 331 3994 doceat
353 3926 467 3994 verbis.
515 3925 668 4012 Reliquae
691 3928 776 3993 vitae
806 3926 871 3992 fere
900 3947 1007 3994 omnes
1035 3924 1089 4015 (de
1111 3927 1244 3995 Libanio
1272 3926 1352 3993 nihil
1381 3916 1469 3995 certi

217 4036 358 4120 constat)
382 4031 569 4121 capillorum
593 4038 716 4120 partem
740 4032 792 4100 uel
815 4031 961 4120 aliquam
983 4033 1036 4100 vel
1064 4033 1225 4101 dimidiam
1255 4056 1326 4101 eum
1354 4040 1459 4101 toton-

218 4142 301 4208 disse
330 4141 543 4223 consentiunt3
573 4139 656 4227 quod
683 4139 724 4205 ad
753 4143 893 4206 aetatem
922 4142 1051 4224 attinet,
1081 4140 1266 4228 Anonymus
1290 4147 1322 4208 et
1345 4138 1487 4209 Suidasv

218 4246 468 4314 aPsPlutarcho
485 4248 561 4328 282,
587 4248 627 4312 31
651 4247 791 4329 (λέγουσι
813 4247 844 4311 δ’
868 4246 967 4310 αὐτὸν
990 4246 1034 4310 ἔτι
1058 4253 1131 4312 νέον
1153 4248 1232 4312 ὄντα
1254 4251 1325 4334 κτλ)
1350 4246 1459 4316 contra

217 4356 376 4423 Zosimum
392 4357 489 4421 stant.
527 4353 578 4421 De
593 4353 724 4420 tutelari
740 4366 836 4421 causa
850 4352 991 4421 Zosimus
1008 4358 1041 4420 et
1052 4355 1240 4442 'Anonymus
1258 4354 1459 4423 clementiam

218 4463 443 4530 Demosthenis
465 4483 540 4546 erga
562 4466 683 4528 tutores
707 4461 815 4527 eodem
839 4458 932 4527 modo
956 4463 1149 4549 praedicant,
1174 4485 1274 4551 neque
1297 4464 1400 4531 minus
1421 4464 1460 4530 de

219 4570 433 4638 Demosthene
456 4568 665 4656 logographo‚
690 4565 849 4655 sophista,
875 4568 1067 4656 reipublicae
1090 4574 1211 4637 rectore
1235 4569 1366 4637 eandem
1390 4593 1466 4639 cum

1207 4698 1244 4763 4.
