3442 5134
782 312 982 404 Lg’p-
1110 431 1115 441 ι

352 517 458 605 Atque
474 535 602 606 prorsus
619 517 728 584 eodem
744 517 837 584 modo
853 519 888 584 in
903 539 929 585 o.
944 521 987 584 30
1003 519 1072 585 init.
1090 519 1237 606 χρήματα
1251 524 1284 587 et
1300 519 1503 605 ἀναθήματα

262 628 408 712 opposita
436 631 523 693 sunt:
560 628 792 714 προςδεομένου
820 628 855 692 δὲ
884 631 939 692 τοῦ
967 629 1110 711 πολέμου
1133 618 1303 714 χρημάτων
1330 628 1504 705 πλειόνων,

262 735 454 819 ηνανκοὶζετο
478 747 541 810 τοῖς
563 734 657 823 ἱεροίς
679 736 893 822 ἀναθήμασιν
915 736 1083 819 ἐπιβαλεῖν
1107 737 1162 810 τὰς
1185 748 1291 820 χεῖρας
1295 785 1307 813 ,
1333 757 1413 823 quae
1436 735 1503 802 illis

263 845 303 928 (o.
335 845 393 925 28,
410 845 442 928 2)
472 844 590 929 optime
617 842 822 931 respondent:
868 843 1083 922 „Philomelus
1110 846 1165 930 qui
1194 848 1288 910 antea
1310 846 1504 932 ἀναθήμασι

262 949 495 1032 religiosissime
525 952 736 1035 abstinuerat,
765 951 850 1018 bello
879 953 919 1019 ab
947 951 1233 1040 Amphictyonibus
1260 954 1379 1020 indicto
1407 957 1503 1040 atque

262 1079 383 1124 summo
407 1060 547 1146 periculo
569 1061 763 1143 imminente,
789 1066 931 1127 extrema
953 1063 1142 1128 necessitate
1159 1065 1285 1127 coaetus
1300 1062 1503 1147 ἀναθήματα

262 1188 352 1234 sacra
380 1168 528 1255 spoliat«.
580 1168 670 1237 Nihil
698 1168 735 1234 de
764 1171 904 1256 pecuniis
933 1170 1031 1236 sacris
1059 1169 1203 1236 affertur:
1246 1172 1302 1235 aut
1328 1169 1436 1236 nullae
1470 1172 1503 1235 in

262 1276 410 1343 thesauro
434 1281 561 1364 praesto
584 1282 685 1360 erant,
710 1283 766 1344 aut
789 1279 816 1344 si
840 1282 941 1360 erant,
969 1299 989 1342 a
1009 1276 1188 1344 Philomelo
1210 1280 1350 1344 intactae
1373 1277 1503 1346 relictae

262 1389 344 1451 sunt.
385 1386 526 1458 Tertium
550 1388 683 1470 cogitari
705 1387 828 1473 nequit!
875 1386 922 1452 At
943 1384 1031 1452 Paok
1054 1406 1192 1452 errorem
1215 1386 1267 1453 vel
1290 1388 1503 1453 confusionem

262 1493 392 1560 Diodori
415 1495 543 1561 subesse
566 1494 730 1561 iudicavit!
779 1493 889 1572 Qualis
911 1498 1018 1560 autem
1041 1513 1127 1559 error
1150 1493 1337 1561 statuendus
1360 1497 1412 1577 sit,
1440 1517 1503 1561 non

262 1603 386 1688 aperuit
401 1622 500 1688 neque
517 1601 585 1667 ulla
600 1602 780 1668 coniectura
795 1604 921 1688 assequi
937 1622 1073 1689 possum.
1114 1601 1195 1680 Quin
1211 1604 1295 1669 enim
1311 1623 1349 1669 ex
1367 1606 1503 1670 auctoris

261 1709 348 1775 illius
377 1711 534 1776 sententia
560 1708 757 1777 Philomelus
788 1710 894 1797 aliquo
928 1710 1020 1776 modo
1056 1710 1210 1796 templum
1245 1710 1432 1797 spoliaverit
1459 1751 1502 1760 -

261 1821 366 1882 utrum
390 1818 593 1904 ἀναθήματα
616 1839 657 1882 an
680 1818 828 1904 χρήματα
850 1838 932 1884 nunc
954 1819 1178 1884 mittamus-
1195 1818 1275 1884 nihil
1297 1818 1502 1885 dubitandum

263 1928 325 1990 est:
355 1924 487 1991 Diodori
511 1925 607 1991 verba
630 1926 829 2012 apertissime
852 1928 1021 2007 testantur,
1046 1945 1071 1990 c.
1091 1927 1134 1991 30
1155 1927 1208 2010 §1
1235 1927 1337 1990 συλᾶν
1360 1927 1394 1990 τὸ
1417 1948 1503 2010 μαν-

264 2044 361 2109 τεῖον,
389 2034 407 2117 ξ
433 2035 452 2096 2
477 2031 506 2096 οἱ
529 2033 564 2097 dd
587 2033 801 2119 πονηρότατοι
824 2033 877 2096 καὶ
900 2035 989 2096 θεῶν
1017 2034 1071 2097 διὰ
1101 2034 1157 2118 τὴν
1184 2035 1374 2110 πλεονεξίαν
1402 2057 1503 2097 κατα·
1624 2054 1626 2057 ’

263 2143 455 2226 φρονοῦντες
487 2141 666 2226 προθύμως
700 2145 886 2226 συνέτρεχον
920 2141 1001 2226 πρὸς
1036 2142 1090 2204 τὸν
1121 2142 1304 2227 Φιλόμηλον
1337 2143 1389 2205 καὶ
1424 2143 1504 2223 ταχὺ

263 2248 399 2332 δύναμις
421 2249 533 2335 ἰσχυροὶ
557 2254 686 2334 συνέστη
710 2251 772 2312 τῶν
794 2247 877 2335 πρὸς
906 2249 962 2332 την
989 2247 1167 2334 ἱεροσυλίαν
1193 2248 1392 2334 ὁρμωμένων.
1439 2252 1458 2335 ξ
1482 2252 1502 2315 3

261 2356 278 2420 ὁ
304 2356 338 2420 dd
357 2360 396 2421 0).
422 2357 475 2420 διὰ
500 2358 534 2421 τὸ
556 2362 695 2440 μέγεθος
718 2360 771 2442 της
793 2359 945 2445 εὐπορίας
968 2357 1048 2438 ταχὺ
1063 2357 1203 2442 δύναμιν
1217 2357 1394 2444 ἀξιόχρεων
1407 2382 1503 2422 κατε-

263 2465 448 2530 σκευάσατο.
487 2467 564 2551 §32
589 2468 608 2551 ξ
633 2470 649 2530 l
677 2471 861 2549 νομίσαντες
884 2468 940 2532 τὸν
962 2467 1150 2530 αἰτιώτατον
1175 2470 1226 2551 της
1248 2465 1422 2552 ἱεροσυλίας
1440 2468 1503 2529 Φι-

262 2573 403 2658 λόμηλον
430 2575 494 2638 κτλ.
546 2572 593 2639 At
620 2574 807 2658 cogitaverit
834 2576 1006 2662 quispiam,
1040 2573 1214 2640 Diodorum
1241 2574 1443 2658 ἀναθήματα
1470 2577 1504 2639 et

263 2682 411 2768 χρήματα
434 2702 459 2747 c.
479 2684 521 2748 28
546 2685 578 2746 et
602 2702 626 2748 c.
645 2685 689 2748 30
713 2684 971 2765 commutavisse3
996 2682 1052 2749 sed
1072 2702 1111 2747 ne
1126 2682 1208 2748 hano
1223 2681 1348 2768 quidem
1365 2682 1504 2768 expliea-
1588 2754 1593 2765 Ι

262 2789 380 2854 tionem
404 2793 489 2855 stare
512 2809 604 2876 posse
627 2811 719 2856 nemo
742 2811 804 2856 non
827 2789 929 2872 videt3
959 2792 1095 2877 primum
1119 2792 1202 2856 enim
1226 2790 1345 2856 duobus
1369 2791 1402 2856 in
1424 2790 1503 2857 locis

263 2896 436 2963 Diodorum
460 2898 569 2964 eodem
592 2898 685 2965 modo
709 2900 864 2966 erravisse
888 2919 999 2985 parum
1022 2899 1186 2986 probabile
1206 2902 1272 2981 ἐνί,
1302 2897 1412 2964 deinde
1441 2919 1502 2985 quo

263 3006 356 3072 modo
385 3007 593 3094 explicatione
622 3008 681 3074 illa
704 3010 840 3095 probata
863 3029 889 3075 o.
916 3011 973 3090 56,
998 3017 1016 3074 5
1040 3008 1136 3074 verba
1159 3008 1360 3093 interpretari
1383 3006 1502 3089 liceret,

263 3116 315 3181 vix
343 3116 509 3202 quisquam
538 3116 640 3183 dicere
668 3123 784 3203 posset.
832 3115 942 3183 Alium
965 3107 1101 3183 Diodori
1124 3136 1260 3182 errorem
1288 3116 1427 3198 cogitare
1449 3136 1503 3180 ne-

263 3245 352 3310 queo,
366 3224 422 3290 sed
433 3225 642 3291 subsistamus
654 3226 687 3290 in
699 3246 801 3291 errore
814 3225 952 3312 quodam
964 3224 1096 3291 Diodori
1107 3224 1336 3308 investigando,
1354 3225 1503 3310 quoniam

262 3354 301 3397 ne
324 3331 412 3399 Paok
436 3333 562 3419 quidem
585 3333 757 3420 quidquam
781 3334 859 3399 oerti
883 3331 921 3397 de
945 3354 981 3398 eo
1005 3332 1186 3420 explorasse
1210 3332 1341 3398 videtur.

353 3440 469 3520 Quodsi
492 3441 590 3507 verba
613 3461 637 3507 c.
665 3443 750 3523 30,1
775 3441 845 3527 ipsa
860 3440 1034 3507 Diodorum
1058 3442 1194 3508 auctoris
1218 3443 1265 3508 sui
1288 3441 1502 3506 narrationem

262 3551 435 3616 rectissime
459 3548 660 3619 transtulisse
684 3553 829 3633 arguunt,
855 3570 936 3639 quae
960 3549 1024 3615 alia
1040 3552 1219 3616 coniectura
1233 3548 1427 3636 probabilior
1442 3551 1501 3630 est,

262 3652 356 3745 quam
381 3678 406 3724 o.
425 3659 514 3739 56,5
537 3677 554 3722 e
578 3658 664 3723 fonte
688 3658 837 3724 haustum
861 3679 940 3741 esse,
965 3660 1020 3745 qui
1043 3659 1127 3745 quod
1148 3660 1233 3745 prior
1247 3658 1304 3723 ille
1321 3657 1501 3739 affirmavit,

261 3766 474 3832 Philomelam
497 3763 698 3852 ἀναθήματα
719 3766 872 3853 spoliasse
889 3766 1005 3832 diserte
1021 3755 1171 3849 negavit?
1211 3766 1273 3831 Sed
1289 3787 1328 3831 ne
1344 3764 1503 3831 Schaeleri

217 3936 226 3947 ,
263 3880 295 3940 et
317 3875 508 3961 reliquorum
532 3879 639 3962 partes
663 3895 786 3962 sequar,
811 3875 865 3961 qui
888 3877 924 3940 ut
947 3894 973 3940 o.
992 3875 1034 3938 56
1059 3879 1092 3939 et
1115 3875 1158 3938 30
1182 3873 1282 3938 eidem
1300 3875 1419 3939 auctori
1436 3874 1504 3939 vin-

263 3983 412 4066 dicarent,
437 4006 561 4051 summa
584 4005 642 4071 ope
666 3985 749 4050 enixi
772 3987 854 4065 sunt,
885 3987 1071 4067 argumenta
1094 4003 1110 4047 e
1135 3980 1238 4046 verbis
1262 4002 1288 4047 e.
1315 3983 1402 4064 56,5
1426 3982 1503 4068 ipsis

262 4093 364 4179 petita
392 4093 469 4159 satis
498 4091 636 4158 dilucida
663 4114 713 4158 me
743 4091 910 4158 adducunt.
957 4089 1097 4156 Primum
1127 4089 1211 4154 enim
1240 4088 1371 4155 Diodori
1399 4088 1503 4155 verbis

262 4201 418 4280 ἀπέσχετο
447 4201 510 4264 τῶν
533 4200 758 4286 ἀναθημάτων
780 4197 993 4264 Philomelam
1016 4199 1155 4285 pecuniis
1178 4197 1277 4263 sacris
1299 4196 1387 4281 large
1411 4219 1501 4263 usum

263 4329 330 4373 esse
359 4307 529 4391 significari
558 4308 636 4373 mihi
667 4306 793 4394 quidem
828 4305 1010 4372 incredibile
1045 4310 1103 4372 est.
1156 4304 1279 4370 Deinde
1315 4306 1341 4371 si
1376 4304 1502 4392 quidem

265 4419 373 4481 auctor
399 4414 545 4498 Diodori,
575 4418 615 4480 ut
639 4414 697 4481 hoc
726 4415 946 4498 argumentum
973 4414 1038 4478 iam
1065 4434 1146 4480 nunc
1173 4413 1345 4500 proferam,
1381 4411 1502 4478 su'mmo

261 4522 470 4590 Phocensium
499 4522 570 4610 odio
593 4521 806 4590 infiammatus
830 4524 913 4604 erat,
941 4524 978 4586 ut
1000 4518 1236 4607 Volquardseno
1260 4524 1293 4586 et
1308 4518 1434 4593 >Paclrio
1456 4519 1502 4586 vi-
