3442 5134
742 428 783 439 ,-
832 388 875 457 53
900 390 964 453 ’,-

231 588 248 632 e
273 568 352 634 varii
376 568 499 654 generis
523 570 658 636 materia
680 570 839 653 confictas,
865 570 922 637 scd
945 591 983 637 ex
1007 570 1080 638 aliis
1103 572 1178 639 vitis
1201 575 1228 639 si
1251 594 1314 640 nou
1333 580 1419 642 totas
1439 581 1474 642 at

231 677 387 744 maximas
409 683 517 764 partes
544 680 734 766 compositas
763 699 831 745 esse
859 677 1000 745 effecisse
1029 700 1085 746 nos
1113 700 1234 747 moneo.
1283 679 1371 760 Quod
1400 705 1472 750 vero

231 802 353 867 omnes,
381 782 545 853 Plutarchi
569 791 665 874 atque
687 786 828 868 Libanii,
858 784 1066 862 PsPlutarchi
1090 792 1184 875 atque
1209 787 1330 872 Photii,
1356 789 1472 858 Zosimi

230 890 391 980 Anonymi
407 894 523 960 Suidaa
546 896 630 961 vitas
653 899 720 961 tam
744 895 877 962 diversis
901 896 1095 982 temporibus
1118 898 1310 982 compositas
1332 921 1395 964 una
1410 899 1472 966 dis-

229 1003 394 1088 putatione
422 1002 629 1090 complector,
665 1002 821 1069 offendere
848 1005 960 1090 nequit
987 1023 1057 1070 cum
1089 1024 1126 1069 ex
1151 1004 1272 1070 xiisdem
1307 1005 1472 1074 litterariis

229 1110 341 1189 studiis
369 1112 459 1198 quasi
488 1132 505 1177 e
534 1108 691 1178 communi
719 1132 794 1196 agro
822 1113 980 1198 profectas
1010 1133 1064 1178 eas
1092 1133 1160 1178 esse
1189 1115 1386 1201 perspicuum
1417 1116 1469 1197 sit,

229 1239 322 1305 quem
347 1240 429 1286 nunc
451 1221 628 1287 accuratius
650 1221 803 1307 inspicare
827 1241 953 1287 necesse
977 1227 1035 1287 est.

317 1325 401 1393 Vitis
429 1326 585 1394 clarorum
609 1329 747 1395 virorum
771 1351 791 1394 a
813 1326 1035 1415 Peripateticis
1057 1330 1167 1415 primis
1191 1351 1339 1413 magnam
1363 1352 1469 1396 curam

227 1434 402 1523 impensam
418 1457 486 1503 esse
503 1441 612 1503 notum
629 1441 688 1519 est,
713 1437 800 1503 cuius
816 1438 1018 1524 apertissima
1040 1439 1176 1522 vestigia
1198 1439 1230 1503 in
1254 1439 1370 1505 nostris
1394 1459 1470 1524 quo-

227 1559 286 1630 que
310 1545 386 1610 ritis
409 1543 503 1611 facile
527 1549 691 1631 apparent.
740 1542 825 1623 Quae
853 1544 972 1626 studia,
1003 1544 1044 1610 ad
1071 1565 1175 1611 mores
1202 1546 1303 1628 magis
1331 1547 1469 1611 virorum

225 1649 432 1717 illustrandos
460 1652 652 1739 spectantia,
686 1650 726 1718 ab
753 1650 978 1718 Alexandrinis
1006 1650 1270 1738 Pergamenisque
1299 1651 1469 1739 philologis

226 1759 327 1845 iisque
351 1760 404 1845 qui
428 1781 444 1825 e
469 1758 644 1845 disciplinis
668 1781 773 1826 eorum
803 1759 998 1847 prodierunt,
1028 1765 1122 1827 aucta
1150 1766 1245 1846 atque
1274 1759 1469 1848 amplificata

226 1870 300 1932 sunt
327 1868 433 1959 etita
462 1866 627 1954 biographi
656 1889 724 1935 sese
752 1874 955 1955 exceperunt,
991 1872 1027 1934 ut
1055 1890 1074 1933 a
1102 1868 1313 1954 superioribus
1349 1868 1468 1935 tradita

225 1975 343 2060 partim
359 1976 532 2040 retinerent
547 1976 663 2061 partim
680 1981 840 2042 mutarent
855 1977 972 2063 partim
988 1977 1077 2042 novis
1089 1980 1249 2059 augerent.
1286 1975 1338 2041 lta
1349 1974 1467 2042 factum

224 2085 288 2163 est,
318 2086 354 2147 ut
382 2082 466 2169 apud
494 2083 663 2170 scriptores
690 2082 793 2166 longis
821 2088 998 2171 temporum
1027 2084 1140 2170 spatiis
1165 2087 1302 2148 remotos
1326 2085 1467 2170 primarii

223 2188 326 2255 fontes
341 2210 423 2255 nunc
438 2210 561 2277 quoque
585 2188 669 2257 clare
694 2188 847 2273 eluceant,
872 2210 950 2276 quos
973 2191 1058 2277 ipsos
1081 2193 1113 2256 in
1137 2213 1228 2257 usum
1252 2197 1380 2257 vocatos
1397 2213 1466 2258 esse

224 2295 312 2362 nullo
336 2297 428 2363 modo
452 2296 655 2364 statuendum
679 2302 742 2379 est3
766 2320 861 2386 quam
886 2300 1101 2385 quaestionem
1125 2298 1163 2365 de
1179 2298 1330 2381 Diogenis
1346 2299 1466 2365 Laertii

160 2480 165 2491 ¹
224 2404 363 2471 fontibus
386 2404 554 2472 Nietzsche
565 2408 590 2492 ¹)
614 2405 810 2488 doctissime,
840 2427 1031 2493 quamquam
1054 2407 1219 2472 nonsatis
1243 2405 1393 2487 feliciter,
1420 2407 1467 2472 in-

224 2511 338 2580 stituit.
685 2586 689 2597 q

313 2622 423 2710 Neque
453 2622 548 2689 aliter
576 2621 614 2689 de
642 2622 866 2689 Demosthenis
894 2621 968 2687 vitis
996 2620 1195 2688 iudicandum
1223 2622 1302 2687 mihi
1331 2621 1464 2705 videtur,

223 2751 304 2817 quae
328 2752 344 2796 e
368 2730 580 2818 biographicis
604 2729 669 2798 illis
693 2728 806 2796 studiis
830 2729 988 2817 profectae
1012 2731 1108 2796 variis
1130 2732 1339 2816 posteriorum
1367 2732 1465 2818 scrip

222 2842 342 2920 torum,
371 2839 403 2904 in
426 2836 466 2905 iis
489 2838 665 2921 rhetorum,
695 2837 921 2904 additamentis
945 2841 1055 2903 auctae
1079 2857 1151 2902 eam
1180 2859 1275 2923 quam
1303 2858 1384 2903 nunc
1412 2859 1465 2903 ex-

223 2945 335 3012 hibent
350 2947 485 3012 formam
500 2946 677 3013 induerunt.
713 2945 828 3013 Restat
844 2946 949 3030 igitur,
967 2950 1011 3027 ut,
1028 2945 1131 3032 quoad
1148 2944 1214 3010 fieri
1231 2946 1340 3031 possit,
1357 2965 1464 3009 eorum

221 3055 275 3140 qui
299 3057 332 3121 et
355 3076 392 3121 ex
417 3057 492 3122 vitis
515 3056 593 3141 ipsis
616 3058 650 3119 et
672 3052 797 3120 aliunde
815 3056 883 3120 noti
899 3055 1035 3118 vitarum
1050 3051 1256 3139 scriptoribus
1272 3052 1463 3117 uberrimam

221 3162 388 3227 materiam
412 3159 692 3248 suppeditaverunt
715 3162 851 3245 vestigia
876 3160 1078 3245 indagentur,
1107 3182 1171 3247 qua
1198 3160 1230 3223 in
1260 3179 1294 3224 re
1323 3180 1362 3223 ne
1392 3179 1464 3224 con-

221 3270 349 3336 iecturis
378 3269 468 3335 firmo
497 3268 700 3335 fundamento
735 3268 915 3335 carentibus
949 3268 1037 3334 locus
1072 3267 1163 3332 detur
1197 3288 1293 3353 quam
1327 3267 1463 3332 maxime

221 3376 395 3443 cavendum
411 3381 470 3442 est.
511 3375 617 3463 Atque
634 3378 729 3442 trium
746 3378 943 3464 scriptorum,
969 3377 1022 3463 qui
1037 3379 1073 3441 ut
1095 3372 1338 3461 locupletissimi
1361 3373 1464 3440 fontes

222 3506 242 3550 a
265 3486 402 3550 vitarum
427 3483 632 3571 scriptoribus
655 3484 810 3570 imprimis
834 3483 968 3549 adeundi
992 3485 1083 3548 erant
1101 3483 1134 3548 in
1151 3483 1225 3547 vitis
1240 3480 1463 3547 Demosthenis

221 3586 358 3676 vestigia
384 3593 600 3674 inveniuntur,
629 3612 709 3677 quae
738 3611 819 3657 nunc
847 3612 942 3676 quam
972 3591 1153 3656 cautissime
1182 3588 1361 3654 examinare
1385 3587 1464 3653 mihi

221 3701 418 3786 propositum
443 3703 500 3765 est.

311 3806 338 3871 Ε
362 3806 494 3892 Satyri
518 3804 600 3871 libro
624 3810 686 3887 βίον
711 3809 772 3869 τῶν
795 3805 934 3891 ἐνδόξων
961 3805 1087 3889 ἀνδρῶν
1110 3801 1259 3888 (llueller
1287 3804 1324 3868 fr.
1354 3803 1385 3868 h.
1416 3825 1461 3887 gr.

221 3914 280 3997 lll,
305 3936 336 4000 p.
356 3914 549 3997 159-166)
573 3912 724 3998 inscripto
748 3909 787 3976 de
802 3910 1016 3977 Demosthene
1040 3910 1122 3976 hanc
1144 3909 1235 3975 nobis
1251 3913 1392 3976 serravit
1405 3910 1464 3978 Ps-

220 4019 411 4087 Plutarchus
433 4020 581 4086 notitiam
606 4022 697 4105 (287,
723 4021 765 4084 68
783 4020 862 4104 sq.:)
891 4018 1033 4103 Σάτυρος
1055 4017 1086 4081 δ’
1106 4017 1339 4103 ὁσυγγραιμὺς
1355 4020 1463 4103 (φησὶ)

222 4129 277 4193 τὸν
311 4128 458 4209 κάλαμον
492 4127 737 4210 πεφαρμάχθαι
771 4124 795 4211 ᾧ
830 4126 970 4211 γράφειν
997 4124 1113 4210 ἤρξατο
1143 4125 1198 4208 τὴν
1226 4124 1396 4210 ἐπιστολὴν
1425 4123 1464 4188 ob

220 4235 419 4317 γευσάμενον
446 4232 655 4308 ἀποθανεῖν,
686 4253 750 4318 qua
776 4235 962 4319 comparata
988 4229 1139 4314 Roesiger
1165 4228 1336 4296 Plutarchi
1364 4251 1389 4297 c.
1420 4233 1463 4296 29

221 4343 435 4410 narrationem
464 4340 505 4406 ad
533 4340 684 4426 Satyrum
711 4339 958 4426 Peripateticum
986 4337 1088 4404 redire
1116 4337 1216 4403 videri
1244 4358 1314 4403 cum
1347 4358 1465 4421 magua

272 4496 436 4506 -...--—-

297 4576 317 4657 r)
336 4579 368 4632 In
388 4593 457 4637 mua
476 4575 598 4634 uuonan.
627 4575 846 4645 rol.xxl11‚p,
867 4572 1187 4649 ⁶32·653;Xxlv‚p,
1210 4571 1362 4636 131-223'
1429 4556 1432 4563 ,
