3442 5134
780 351 1052 483 ,2523

270 544 367 620 80100
381 544 571 621 rhetoricam
586 547 791 620 traditionem
806 556 987 639 sequuntur,
1005 572 1099 639 quam
1111 549 1244 619 Libanio
1260 570 1383 640 quoqne
1399 550 1508 618 notam

269 661 366 728 fuisse
389 682 485 748 supra
508 660 652 727 vidimus.
694 659 757 727 Sed
780 681 818 726 ex
842 658 906 725 alio
929 661 1016 727 fonte
1038 658 1196 726 Zosimum
1221 680 1259 726 ex
1283 660 1355 726 aliis
1378 661 1508 745 Anony-

269 791 355 835 mum
378 773 411 836 et
434 768 565 834 Suidam
587 766 790 834 traditionem
813 766 905 833 illam
928 767 1070 833 hausisse
1098 788 1159 834 non
1188 768 1292 834 solum
1320 767 1395 834 ordo
1424 767 1508 855 apud

267 875 427 943 Zosimum
453 879 594 942 mutatus
622 873 677 942 sed
705 877 803 942 etiam
831 875 1060 962 discrepantiae
1088 876 1259 942 nonnullae
1286 877 1365 943 satis
1387 875 1508 962 liquido

268 985 482 1071 comprobant.
527 983 670 1051 Eundem
693 985 777 1050 enim
800 980 950 1051 vitiomm
973 1005 1136 1050 numerum
1159 1005 1179 1049 a
1201 984 1325 1051 Zosimo
1349 983 1508 1071 Suidaque

267 1091 352 1158 tradi
375 1094 439 1158 iarn
462 1091 545 1175 dixi3
569 1092 621 1159 hio
645 1091 740 1174 0000,
767 1092 909 1158 ordinem
931 1112 1039 1158 eorum
1062 1092 1146 1179 apud
1168 1092 1298 1159 Suidam
1322 1096 1355 1158 et
1377 1077 1526 1178 Anony-'v

267 1221 353 1266 mum
370 1199 503 1267 eundem
523 1221 601 1267 esse.
640 1199 689 1266 De
711 1200 987 1267 exercitationibus
1010 1200 1135 1285 singula
1158 1222 1300 1289 quaeque
1324 1220 1507 1288 comparare

267 1328 330 1373 000
354 1328 431 1394 opus
454 1312 517 1390 est,
546 1306 704 1373 Zosimum
733 1311 766 1372 et
788 1308 990 1393 Anonymum
1018 1328 1081 1374 non
1109 1308 1218 1374 eodem
1246 1308 1419 1394 exemplari
1447 1310 1505 1374 niti

267 1414 390 1496 abunde
405 1416 470 1481 iam
486 1415 737 1483 demonstratum
752 1421 811 1483 661.
851 1415 914 1482 Sed
930 1437 992 1483 non
1007 1416 1323 1503 praetermittendum
1340 1421 1398 1499 est,
1422 1417 1507 1503 quod

181 1574 183 1579 -
267 1522 432 1590 aZosimo
457 1545 487 1610 p.
513 1525 590 1605 300,
621 1526 663 1590 80
687 1523 838 1608 gladium,
869 1523 909 1588 ab
932 1522 1100 1609 Anouymo
1125 1525 1201 1605 305,
1226 1526 1270 1591 74
1293 1524 1420 1591 hastam
1443 1524 1507 1591 De·

267 1631 446 1697 mosthenes
474 1651 491 1696 e
520 1634 605 1696 tecto
634 1630 820 1717 pependisse
847 1635 1003 1696 narratur.
1051 1629 1139 1708 Quod
1168 1630 1335 1699 discrimen
1358 1634 1506 1699 000100-

266 1741 381 1806 1011000
410 1739 465 1807 660
493 1740 526 1805 10
556 1739 763 1805 traditionum
786 1739 971 1805 diuersitate
994 1740 1132 1826 positum
1156 1761 1225 1806 6666
1248 1762 1268 1805 0
1289 1739 1505 1807 PsPlutaroho

268 1850 349 1930 282,
375 1847 416 1915 35
442 1847 602 1914 docemur:
639 1847 891 1933 παραρτήσαντα
913 1845 1077 1929 brittannos
1099 1845 1118 1932 ἢ
1141 1844 1183 1922 ὥς
1207 1870 1288 1924 τινες
1310 1849 1450 1933 ξιφίδιον
1472 1848 1506 1911 ἐκ

268 1960 320 2042 τῆς
347 1947 474 2042 ὀροφῆςζ
525 1953 575 2021 De
603 1954 777 2041 Harpalioa
804 1975 914 2036 causa,
944 1957 1004 2020 etsi
1032 1955 1112 2020 nihil
1139 1956 1330 2022 contrarium
1359 1955 1506 2039 afferunt,

266 2068 374 2130 tamen
408 2084 471 2130 non
505 2062 638 2130 eundem
673 2067 833 2129 auctorem
867 2061 1008 2129 Zosimus
1042 2067 1076 2128 et
1102 2063 1288 2150 Anonymus
1322 2069 1504 2150 sequuntur.

265 2170 406 2238 Zosimus
421 2171 667 2238 Demosthenem
683 2172 717 2236 in
732 2169 899 2254 Aeginam,
924 2169 1109 2256 Anonymus
1125 2171 1300 2265 Suidasque
1317 2172 1506 2239 Troezenem

265 2300 333 2346 sese
357 2272 526 2346 contulisse
553 2279 774 2346 dissentientes
801 2277 946 2344 tradunt:
982 2279 1037 2345 cfr.
1061 2277 1149 2349 Plut,
1177 2281 1233 2346 vit
1259 2282 1302 2345 26
1330 2281 1367 2344 ἓν
1389 2284 1505 2369 Αἰγίνῃ

265 2388 318 2453 καὶ
337 2389 481 2474 Τροιζῆνι
496 2386 690 2472 καοἡμενος.
731 2385 783 2453 Ad
799 2390 974 2452 extremum
991 2428 1032 2437 -
1050 2392 1086 2453 ut
1101 2392 1224 2454 taceam
1243 2387 1282 2454 de
1299 2389 1505 2474 ineptissimis

213 2532 215 2536 v
265 2495 373 2577 rebus,
399 2498 440 2581 (e.
466 2517 511 2579 gr.
536 2493 660 2560 Zosimo
684 2498 809 2560 auctore
833 2495 997 2560 61010010
1020 2493 1181 2560 Ceramico
1205 2497 1286 2577 302,
1313 2496 1393 2577 143,
1418 2495 1504 2562 Ano-

263 2623 359 2688 nymo
384 2605 463 2684 308,
491 2603 553 2667 177
580 2600 676 2667 80100
699 2603 780 2683 310,
807 2603 871 2667 143
896 2603 1075 2669 auctoribus
1098 2603 1131 2667 in
1154 2603 1221 2668 foro
1244 2604 1349 2689 posita
1372 2605 1435 2688 est)
1460 2643 1502 2651 —

263 2709 302 2776 de
325 2710 437 2776 mortis
460 2710 582 2775 ratione
606 2731 626 2773 0
649 2708 749 2775 tribus
772 2709 977 2795 scriptoribus
1001 2708 1132 2775 eundem
1156 2711 1189 2775 in
1211 2710 1339 2776 modum
1360 2711 1504 2796 exposita

263 2837 364 2903 pauca
387 2817 484 2883 verba
507 2816 650 2883 facienda
673 2820 755 2883 sunt.
802 2814 962 2882 Exhibent
984 2818 1068 2882 enim
1091 2837 1162 2882 eam
1184 2817 1381 2900 relationem,
1406 2839 1502 2903 quam

262 2923 391 2991 PsPlut.
417 2929 498 3006 287,
530 2928 593 2989 172
618 2926 754 2991 00010016
783 2925 909 2989 nomine
937 2945 998 2990 non
1027 2926 1172 3010 apposito
1199 2925 1249 2991 his
1277 2931 1503 2993 commemorat

262 3033 381 3100 verbis:
417 3032 448 3098 αἱ
470 3034 501 3098 δ’
524 3037 618 3097 alnov
647 3037 702 3096 τοῦ
729 3032 811 3095 κατὰ
841 3033 897 3116 τὴν
925 3033 1068 3116 σφαγῖδα
1097 3033 1268 3119 φαρμάκου
1294 3032 1502 3115 γευσάμενον,

261 3140 316 3206 660
343 3142 390 3206 110
418 3146 453 3207 01
479 3140 622 3207 Zosimus
652 3144 685 3206 et
712 3139 899 3225 Anonymus
930 3139 1103 3226 pleniorem
1138 3142 1333 3207 servaverint
1367 3141 1501 3205 formam

210 3314 213 3319 ,
261 3247 343 3335 (Ζο6.
369 3252 446 3333 302,
473 3252 553 3331 1403
577 3247 639 3314 An.
666 3250 741 3329 308,
771 3249 833 3313 173
859 3248 935 3334 60),
965 3247 1106 3314 080100
1128 3248 1290 3335 exemplar
1312 3270 1408 3334 quam
1431 3249 1501 3314 bre-

261 3356 387 3422 vissime
411 3361 593 3443 excerptum
617 3340 685 3421 esse
703 3356 736 3420 in
752 3354 921 3442 propatulo
936 3355 988 3436 sit,
1013 3355 1051 3420 de
1067 3376 1128 3440 000
1144 3357 1333 3442 scriptomm
1349 3376 1501 3422 00066060

258 3464 373 3530 iterum
389 3464 512 3530 dicendi
528 3464 611 3529 infra
625 3462 713 3528 locus
728 3462 820 3528 nobis
835 3462 970 3529 dabitur.
1011 3462 1117 3549 Atque
1133 3463 1214 3539 hane
1237 3462 1499 3531 necessitudinem

258 3572 340 3637 inter
364 3573 447 3638 vitas
471 3591 577 3637 eorum
600 3569 792 3637 intercedere
817 3575 959 3658 apparet,
983 3575 1019 3636 ut
1042 3571 1203 3657 Anonymi
1226 3577 1259 3638 et
1278 3571 1394 3638 Suidae
1418 3571 1498 3659 (Ill)

257 3685 400 3746 auctores
424 3680 540 3745 artiore
564 3678 688 3745 vinculo
712 3680 894 3745 coniunctos
917 3680 1027 3760 fuisse,
1052 3677 1168 3767 Zosimi
1191 3700 1280 3762 vero,
1305 3663 1498 3767 quamquam

256 3788 289 3852 in
312 3788 492 3853 universum
513 3785 684 3853 00801066
700 3788 820 3852 tentem
835 3787 964 3874 propius
980 3785 1111 3867 accedit,
1137 3790 1245 3853 100060
1260 3789 1378 3853 maiore
1394 3789 1497 3875 spatio

255 3894 459 3981 pluribusque
483 3893 633 3978 gradibus
656 3917 676 3960 0
704 3894 823 3961 duobus
851 3894 918 3961 illis
946 3895 1056 3960 abesse
1085 3892 1228 3981 aliusque
1256 3895 1397 3961 familiae
1425 3915 1498 3961 cen·
1555 3965 1558 3969 ,

255 4001 386 4068 sendum
410 4022 478 4068 6666
501 4021 558 4088 pro
582 4006 667 4068 certe
690 4001 870 4093 habendum
894 4003 946 4068 sit.
986 4001 1035 4066 De
1059 4003 1162 4088 prima
1182 4007 1214 4068 61
1229 4003 1366 4070 secunda
1380 4003 1496 4070 Suidae

254 4108 418 4195 particulis
442 4109 500 4176 hoe
524 4131 620 4175 unum
643 4109 816 4176 notandum
840 4114 899 4191 661,
925 4113 1059 4175 mortem
1074 4107 1298 4178 Demosthenis
1323 4132 1361 4178 ex
1384 4110 1495 4177 eadem

253 4216 475 4298 traditione‚·e
499 4238 562 4303 qua
585 4217 625 4283 ab
648 4218 816 4303 Anonymo
840 4221 875 4282 et
895 4215 1030 4299 Zosimo‚
1055 4216 1246 4303 descriptam
1269 4240 1347 4286 esse.

342 4323 412 4391 Hac
436 4324 474 4390 de
497 4326 637 4391 vitarum
656 4325 883 4411 compositione
905 4329 996 4411 parte
1013 4323 1159 4390 absoluta
1174 4346 1265 4407 nuno,
1290 4327 1331 4393 ad
1345 4347 1424 4412 quos
1439 4347 1495 4413 po

251 4433 408 4499 tissimum
425 4418 568 4498 auctores
583 4422 659 4499 illae
673 4431 777 4498 'redire
793 4431 970 4515 videantur,
994 4431 1178 4516 diligentius
1194 4433 1413 4520 inquirendum
1429 4440 1492 4516 est3

251 4561 331 4628 quae
347 4540 491 4627 quaestio
506 4543 543 4604 ut
557 4544 642 4605 recte
658 4540 844 4607 instituatur
866 4541 949 4635 uitas
972 4561 1034 4607 000
1058 4564 1078 4606 0
1100 4542 1304 4628 scriptoribus
1328 4543 1392 4608 suis
1414 4544 1493 4631 ipsis
