3442 5134
771 332 828 419 ξ
861 369 904 432 12
950 406 993 416 ..

262 547 334 614 Non
357 547 451 614 aliter
473 569 499 614 c.
526 550 568 615 28
592 568 642 613 res
665 567 734 614 sese
757 546 868 613 habet:
904 567 1004 633 neque
1027 545 1057 611 οἱ
1081 547 1115 611 δὲ
1138 547 1274 611 Βοιωτοί
1301 545 1355 610 διά
1383 570 1415 608 τε
1446 546 1501 632 τήν

262 657 345 742 πρὸς
369 658 440 731 τοὺς
463 657 561 731 θεοὺς
583 653 746 737 abdebatur
768 656 821 719 καί
836 655 891 719 διὰ
908 656 943 719 τὸ
959 659 1130 741 συμφέρειν
1145 655 1253 730 αιίτοῖς
1269 657 1325 730 τὰς
1341 657 1402 719 τῶν
1418 652 1502 738 Ἀμ-

263 765 442 847 φικτυόνοιν
468 770 580 850 κρίσεις
607 769 739 848 βεβαίας
773 767 872 840 εἶναι,
906 763 989 851 quod
1016 762 1131 830 Haakc
1141 765 1165 849 ¹)
1194 764 1330 845 monuit,
1366 762 1502 829 auctoris

261 871 474 939 Phocensibus
502 873 687 939 alienissimi
716 875 802 954 sunt,
831 893 932 959 neque
959 876 1096 957 βοηθεῖν
1123 874 1165 954 τῷ
1193 875 1261 946 θεῷ
1284 873 1302 957 ξ
1327 874 1346 937 3
1371 874 1404 936 et
1427 873 1445 957 ξ
1470 874 1501 954 4,

262 981 316 1044 διὰ
341 982 397 1067 τὴν
419 981 500 1067 πρὸς
524 981 579 1043 τὸν
602 981 684 1044 θεὸν
707 979 871 1063 είισέβειαν
892 981 958 1066 34,
982 984 1118 1065 βοηθεῖν
1133 981 1174 1065 τῷ
1189 978 1261 1065 ἱερῷ
1277 978 1435 1062 singulare
1450 978 1502 1044 vel

262 1090 423 1175 proprium
447 1087 521 1175 quid
544 1087 671 1154 habent.
720 1087 854 1154 Omnino
882 1084 1142 1175 quammaxime
1171 1086 1343 1154 cavendum
1371 1090 1435 1170 est,
1464 1108 1502 1153 ne

263 1196 360 1262 colori
381 1197 571 1262 narrationis
593 1197 726 1262 nimium
749 1196 907 1263 tribuatur
929 1198 1127 1264 auctoritatis
1143 1198 1176 1263 in
1190 1195 1338 1277 Diodoro,
1363 1197 1503 1282 quitum

263 1305 348 1370 facta
370 1303 451 1369 nude
475 1303 654 1370 cientibus
678 1304 742 1369 suis
766 1306 941 1391 exscripsit,
965 1310 1034 1371 turn
1057 1310 1218 1371 auctorum
1242 1325 1367 1370 suorum
1388 1303 1503 1370 iudicia

264 1414 531 1499 cogitationesque
553 1408 617 1478 una
639 1431 710 1477 cum
732 1411 826 1478 rebus
848 1412 1023 1479 transtulit.
1060 1412 1108 1479 Ne
1132 1415 1165 1478 in
1189 1433 1258 1500 cpp.
1285 1415 1417 1479 30-33
1434 1413 1502 1498 qui-

264 1521 345 1601 dem,
374 1539 505 1606 quorum
528 1522 699 1585 maximam
722 1524 846 1607 partem
871 1520 1122 1587 benevolentiam
1145 1542 1220 1604 erga
1241 1518 1418 1587 Phocenses
1441 1541 1502 1586 non

264 1631 382 1715 spirare
407 1628 643 1715 Volquardseno
679 1634 712 1695 ct
735 1628 853 1696 Paokio
877 1629 970 1697 facile
994 1651 1102 1697 omnes
1125 1629 1305 1710 concedent,
1335 1629 1502 1696 aliusmodi

233 1757 354 1803 .voces
383 1737 508 1803 desunt:
539 1740 596 1818 30,
621 1746 635 1800 l
663 1736 860 1823 ἢνανκάζετο
888 1739 944 1802 κτλ
974 1739 1027 1825 (cf.
1056 1760 1153 1825 supra
1180 1759 1211 1824 p.
1237 1739 1287 1822 8),
1318 1740 1376 1820 31,
1399 1743 1417 1801 2
1443 1763 1502 1819 με-

264 1850 388 1909 cerum
398 1847 425 1930 ²)
444 1849 497 1930 τῆς
512 1844 723 1931 ὑπερηφάνου
738 1846 791 1908 καί
806 1846 910 1930 δεινῆς
926 1851 1082 1931 τιμωρίας.
1122 1844 1310 1932 Magnopero
1326 1865 1400 1911 vero
1415 1843 1502 1911 Pack

262 1953 390 2035 erravit,
415 1952 498 2040 quod
521 1973 546 2019 c.
565 1955 608 2019 33
633 1950 689 2018 alii
713 1952 793 2018 fonti
815 1952 937 2033 tribuit,
963 1952 1017 2017 alii
1040 1973 1108 2039 cap.
1131 1955 1263 2019 35-«37
1281 1952 1395 2019 coloris
1412 1975 1503 2037 argu-

262 2064 369 2127 mento
392 2060 450 2126 illo
473 2062 567 2127 nimis
590 2080 707 2148 presso.
749 2059 863 2146 Capita
886 2061 969 2129 enim
994 2062 1036 2126 33
1061 2065 1093 2127 et
1116 2064 1157 2127 37
1183 2063 1341 2128 artissime
1364 2063 1447 2128 inter
1469 2084 1503 2129 se

263 2170 428 2235 coniuncta
450 2189 519 2235 esse
542 2169 596 2255 qui
619 2169 810 2234 sententiam
833 2170 867 2233 in
887 2172 1018 2254 utroque
1034 2168 1197 2235 simillimo
1213 2169 1306 2235 modo
1322 2190 1502 2256 expressam

262 2277 465 2359 intellexerit,
489 2269 643 2343 facillime
666 2275 829 2343 concedet:
852 2278 940 2358 33,3
962 2276 1076 2339 πάντα
1098 2277 1133 2340 δὲ
1148 2277 1264 2358 ῥαδίως
1285 2278 1425 2341 ἐπετέλει
1448 2278 1503 2341 διὰ

264 2389 320 2472 τὴν
349 2390 410 2450 τᾶν
436 2386 627 2471 ἀνθρώπων
655 2386 868 2472 φιλαργυρίαν
895 2385 950 2448 κτλ
978 2388 1012 2451 et
1035 2388 1132 2467 37,4
1159 2384 1177 2449 ὁ
1205 2387 1266 2472 γὰρ
1301 2387 1414 2472 χρυσὸς
1449 2388 1504 2460 τὰς

263 2497 450 2570 πλεονεξίας
473 2496 534 2558 τῶν
556 2493 748 2580 ἀνθρώπων
769 2493 998 2577 ἐκκαλούμενος
1020 2493 1199 2578 ἢνάγκασεν
1219 2492 1408 2577 αὗτομυλείν
1422 2495 1504 2579 πρὸς

265 2605 320 2687 τὴν
335 2603 369 2665 ἐκ
385 2603 440 2666 rod
454 2602 581 2689 κέρδους
596 2603 799 2666 λυσιτέλειαν.
833 2600 955 2668 Deinde
972 2600 1054 2688 quod
1071 2600 1284 2667 Onomarchus
1300 2604 1334 2667 et
1347 2599 1503 2687 Phayllus

263 2711 402 2797 pecuniis
429 2709 518 2792 large
547 2709 724 2775 distributis
753 2710 852 2775 socios
882 2709 942 2774 sibi
976 2693 1152 2794 paraiisse,
1188 2709 1295 2775 hostes
1329 2708 1503 2795 corrupisse

263 2818 420 2901 dicuntur,
450 2819 568 2904 optimc
595 2818 629 2882 in
656 2817 843 2883 relationem
872 2836 942 2903 cpp.
969 2819 1012 2882 30
1035 2822 1068 2882 et
1093 2818 1134 2882 32
1163 2815 1346 2902 quadram),
1376 2836 1458 2903 quae
1486 2838 1503 2883 e

265 2927 352 2991 fonte
377 2949 396 2992 a
419 2945 486 3013 cap.
513 2928 644 2991 23-27
670 2925 793 2991 diverso
816 2923 943 2990 fluxisse
965 2922 1084 2990 Pachio
1107 2943 1228 3010 quoque
1252 2930 1385 2990 constat.

357 3032 442 3111 Quae
465 3034 594 3099 tandem
618 3033 864 3115 δεισιδαιμονίας
886 3031 1022 3115 vestigia
1037 3032 1069 3096 in
1086 3052 1111 3097 c.
1131 3035 1171 3097 37
1189 3034 1397 3114 inveniuntur,
1423 3034 1505 3119 quod

265 3143 385 3209 auctori
409 3141 520 3224 eidem,
544 3143 594 3208 cui
618 3144 713 3227 caput
737 3142 779 3206 30
803 3139 944 3221 debetur,
968 3139 1105 3206 tribuere
1128 3138 1215 3206 Pack
1239 3161 1310 3207 cum
1330 3139 1505 3228 Volquard-

264 3271 339 3317 seno
363 3250 443 3316 nihil
467 3249 645 3316 dubitavit?
681 3248 766 3327 Quae
789 3247 919 3314 tandem
941 3249 974 3313 in
998 3267 1024 3314 c.
1043 3250 1095 3328 39,
1120 3247 1204 3334 quod
1226 3269 1288 3315 non
1312 3250 1414 3316 minus
1434 3270 1506 3316 con-

265 3359 397 3425 fidenter
421 3358 540 3425 auctori
562 3357 613 3422 illi
636 3356 874 3440 religiosissimo
897 3354 1090 3422 vindicavit?
1129 3355 1188 3434 Qui
1212 3358 1295 3423 enim
1310 3355 1397 3424 Pack
1406 3360 1433 3443 ⁴)
1457 3378 1504 3440 eo,

263 3466 347 3554 quod
370 3465 548 3532 Phocenses
572 3470 605 3531 ct
629 3463 773 3531 Thessali
801 3484 873 3530 cum
899 3464 939 3530 iis
962 3462 1115 3530 foederati
1143 3466 1289 3548 πολέμιοι
1313 3469 1347 3531 et
1368 3466 1506 3530 ἐναντίοι

263 3575 482 3641 Thebanorum
506 3594 675 3661 corumque
699 3574 852 3640 sociorum
877 3572 1088 3660 appellantur,
1117 3578 1301 3656 argumento
1326 3575 1372 3639 uti
1396 3577 1506 3660 potue-

262 3685 319 3765 rit,
349 3683 428 3749 mihi
456 3681 582 3770 quidam
611 3682 775 3747 obscurum
803 3685 867 3762 est,
897 3681 1083 3767 praesertim
1112 3700 1182 3746 cum
1209 3682 1242 3746 iu
1269 3681 1378 3747 eodem
1402 3683 1505 3769 capite

262 3791 504 3858 Lacedaemonii
528 3811 598 3856 cum
613 3788 822 3855 Phocensium
839 3787 1121 3875 Thessalorumque
1143 3787 1268 3855 auxiliis
1289 3788 1408 3856 Orneas
1431 3794 1504 3856 ante

264 3904 326 3964 τῶν
349 3900 512 3982 πολεμίων
535 3898 704 3964 adventum
728 3917 895 3982 occupasse
920 3895 1076 3962 dicantur!
1113 3895 1155 3961 Et
1178 3898 1285 3963 tamen
1308 3916 1370 3963 non
1385 3897 1504 3981 dubito,
1561 3962 1562 3965 ,

263 4009 338 4094 quin
362 4028 431 4094 cap.
450 4009 593 4089 30-33,
619 4008 672 4088 37,
698 4008 740 4071 39
765 4010 874 4071 auctor
897 4004 1108 4070 idem-fucrit.
1149 4002 1235 4080 Quae
1259 4004 1392 4092 denique
1413 4006 1505 4070 δεισι-

263 4117 430 4200 δαιμονίας
453 4116 543 4199 signa
565 4117 598 4182 in
621 4136 646 4182 c.
669 4119 712 4181 40
736 4118 857 4197 extant,
882 4113 920 4179 de
944 4133 1006 4200 quo
1029 4132 1089 4178 non
1114 4111 1208 4178 aliter
1231 4111 1319 4180 Pack
1342 4114 1502 4198 iudicavit,
1597 4204 1600 4207 Ι

265 4246 480 4254 ...ann-..m

337 4298 347 4330 l

337 4302 357 4420 ²)
376 4299 533 4455 ξίοδίῖοοθί,
555 4390 623 4445 Ooll.
645 4390 702 4444 crit.
727 4389 805 4456 1878,
824 4406 850 4459 p.
868 4388 920 4441 247
939 4403 988 4459 pro
1007 4388 1180 4455 peracerba.

335 4390 358 4541 ’ί
377 4479 566 4550 Vclquardsen
584 4495 612 4548 p.
634 4479 692 4533 lll.

335 4569 357 4639 ⁴)
377 4589 403 4640 p.
426 4571 485 4626 186.
