3442 5134
762 308 898 394 ..Ἃρ
944 365 985 378 ..

253 530 368 599 pompo
385 510 431 597 (4,
451 510 518 596 13),
543 505 707 576 Demetrio
722 507 877 575 Phalereo
894 510 956 597 (9),
981 507 1190 576 Eratosthene
1207 509 1255 597 (9,
1272 508 1341 595 30),
1363 508 1490 577 cornicis

253 621 355 707 poetis
380 620 447 705 (9),
476 617 625 685 Aristone
649 616 712 684 (leo
737 620 810 706 (10,
842 619 915 704 30),
946 614 1126 705 Phylarcho
1150 619 1240 706 (27),
1264 616 1380 703 Satyro
1404 618 1489 704 (29),

253 726 451 794 Demochare
475 729 548 813 (30)
573 727 675 809 affert,
699 727 764 792 iarn
787 728 821 792 in
843 725 930 792 fonte
953 746 1008 794 suo
1032 727 1187 793 invenisse
1210 720 1288 792 inihi
1308 720 1491 813 persuasum

254 840 317 917 est,
342 835 381 901 de
404 833 536 922 reliquis
558 832 711 900 eiusmodi
734 832 812 900 locis
835 833 1119 901 tamconfidentar
1141 834 1277 901 iudicare
1301 854 1363 900 non
1380 833 1490 900 audeo?

253 942 438 1030 Hermippo,
457 963 650 1030 quamquam
666 962 728 1008 non
739 943 852 1026 exigua
863 942 956 1009 huius
967 941 1129 1009 relationis
1141 963 1215 1029 pars
1227 929 1368 1024 debetur,
1384 946 1492 1007 tamen

253 1072 334 1139 quae
362 1050 487 1135 singula
515 1054 641 1138 praetor
668 1049 754 1117 locos
772 1045 879 1137 'supra
904 1054 1032 1118 notatos
1059 1051 1100 1117 ad
1129 1072 1200 1117 eum
1227 1049 1391 1117 referenda
1416 1051 1489 1131 sint,

254 1159 382 1226 difficile
407 1158 493 1226 dictu
516 1162 579 1241 est,
609 1162 693 1226 certe
720 1160 754 1224 in
782 1179 807 1226 c.
834 1163 853 1224 5
882 1159 964 1226 nihil
991 1161 1052 1227 nisi
1079 1178 1135 1226 eae
1162 1180 1244 1247 quae
1273 1160 1397 1225 nomine
1426 1159 1491 1224 eius

254 1266 362 1333 addito
390 1268 497 1334 insunt
524 1267 657 1333 notitiae
686 1265 727 1333 ad
754 1265 963 1354 Hermippum
990 1267 1091 1334 redire
1120 1267 1258 1349 videtum
1287 1288 1344 1354 per
1370 1287 1439 1353 cpp.
1470 1267 1489 1329 ‘l

255 1378 289 1440 et
304 1377 324 1442 8
349 1376 484 1459 vestigia
507 1376 574 1441 eius
598 1379 706 1462 aperte
722 1377 869 1442 emicant.
908 1374 946 1442 ln
962 1379 1104 1442 extrema
1118 1377 1205 1442 vitae
1220 1378 1311 1462 parte
1327 1374 1491 1463 (28-31)

255 1481 403 1549 Gebhard
427 1505 457 1570 p.
484 1486 527 1550 34
542 1481 674 1549 Reussio
698 1487 824 1550 auctore
849 1481 951 1571 (Hier.
977 1504 1006 1549 v.
1024 1482 1143 1549 Kardia
1167 1485 1269 1569 1876)
1285 1481 1493 1549 Philochcrea

256 1594 296 1677 (0.
324 1594 365 1657 28
390 1595 423 1658 et
447 1594 485 1657 31
514 1590 559 1657 dc
576 1590 732 1677 Demade)
756 1610 813 1678 per
835 1590 1044 1679 Hermippum
1073 1591 1114 1657 ad
1136 1590 1343 1658 Plutarchum
1370 1592 1492 1658 venmse

255 1702 377 1766 statuit.
430 1698 493 1766 Res
521 1703 593 1765 utut
621 1703 684 1780 est,
714 1704 824 1767 auctor
849 1696 1012 1766 Plutarchi
1042 1703 1126 1766 certe
1154 1699 1309 1767 Demetrii
1336 1697 1493 1783 Magnetis

256 1811 362 1875 aetate
385 1808 513 1873 inferior
535 1808 632 1873 fuisse
655 1805 882 1873 existimandus
905 1809 956 1873 est
978 1809 1019 1893 (c.
1046 1809 1104 1889 283
1135 1809 1193 1893 30)
1204 1807 1237 1893 ι).
1286 1804 1339 1873 Ad
1361 1804 1493 1872 eandem

257 1917 446 1983 sententiam
470 1936 495 1983 c.
523 1917 564 1980 15
589 1913 739 1997 ducimur,
764 1914 847 2001 quod
870 1934 1027 1981 unacum
1050 1913 1181 2002 reliquis
1201 1916 1313 2002 prioris
1329 1914 1494 1982 relationis

255 2024 398 2111 partibus
421 2024 463 2090 ad
486 2044 582 2089 unum
605 2023 799 2110 eundemque
823 2027 983 2090 auctorem
1005 2022 1203 2090 referendum
1226 2044 1294 2090 esse
1318 2023 1396 2088 mihi
1421 2043 1493 2090 con-

255 2136 330 2213 stat,
356 2133 409 2219 qui
433 2132 627 2198 orationibus
650 2151 712 2198 non
735 2129 837 2197 selum
861 2135 897 2196 ut
917 2132 1017 2197 vitam
1032 2151 1197 2218 moresque
1213 2132 1413 2218 perspiceret,
1438 2128 1493 2196 sed

255 2242 353 2306 etiam
377 2239 417 2306 ad
441 2241 718 2324 grammaticorum
742 2240 963 2326 rhetommque
987 2242 1126 2306 rationes
1149 2258 1256 2306 curam
1273 2240 1437 2327 impendit,
1461 2237 1494 2304 id

255 2348 339 2436 quod
362 2369 388 2415 c.
409 2352 450 2414 15
474 2348 579 2415 verbis
599 2349 678 2415 satis
698 2347 901 2413 manifestum
917 2351 975 2429 est,
1000 2367 1133 2434 quorum
1148 2349 1288 2413 maxima
1303 2369 1378 2434 pars
1393 2351 1495 2412 nica-

254 2482 307 2533 κος
330 2458 464 2522 ferinam
487 2453 617 2522 redolet.
665 2453 837 2521 Auctorem
859 2454 952 2521 huius
978 2455 1092 2541 capitis
1121 2457 1175 2542 (cf.
1205 2475 1231 2521 c.
1257 2457 1315 2540 24)
1340 2455 1494 2521 Demetrii

255 2564 411 2648 Magnetis
436 2567 541 2630 aetate
567 2564 746 2629 inferiorem
775 2561 871 2629 fuisse
890 2551 1014 2649 liquet
1043 2583 1114 2630 cum
1136 2561 1342 2630 Plutarchum
1370 2559 1496 2645 singula

257 2693 400 2760 quaeque
424 2693 441 2737 e
464 2671 561 2737 uariis
585 2669 724 2737 fontibus
747 2671 939 2752 congessisse
955 2668 1104 2735 Gebhard
1127 2674 1172 2757 (p.
1191 2671 1249 2755 35)
1273 2690 1395 2756 quoque
1411 2674 1496 2737 recte

256 2782 430 2866 negaverit.
478 2778 567 2857 Quod
596 2799 669 2845 vero
698 2783 768 2861 βίον
791 2778 934 2845 extitisse
957 2781 1077 2860 statuo,
1107 2780 1160 2865 qui
1184 2798 1246 2844 non
1269 2777 1370 2844 solum
1395 2779 1496 2843 vitam

256 2890 426 2970 enarravit,
451 2887 507 2954 sed
530 2888 628 2952 etiam
650 2885 688 2951 de
705 2885 908 2968 orationibus,
933 2907 1040 2952 carum
1055 2887 1249 2972 temporibus
1266 2884 1398 2972 aliisque
1414 2886 1496 2951 eius-

256 2998 341 3065 modi
365 2997 549 3084 disputavit,
574 3014 696 3076 monce,
720 2994 909 3079 Dionysium
926 2992 1000 3059 Hal.
1019 2992 1256 3060 celeberrimum
1272 2992 1362 3059 illum
1379 2992 1495 3059 Demo-

257 3108 469 3174 sthenicarum
494 3106 670 3169 orationum
693 3102 827 3168 indicem
852 3104 899 3187 (iu
923 3121 971 3187 ep.
997 3101 1038 3166 ad
1058 3100 1163 3167 Amm.
1189 3104 1225 3187 4)
1250 3101 1493 3188 biographorum

257 3215 369 3299 studiis
397 3235 430 3281 se
459 3211 571 3279 debere
600 3212 703 3298 ipsum
732 3211 887 3276 confiteri:
923 3230 948 3275 c.
975 3213 1009 3276 3:
1046 3209 1168 3296 ἀνάγκη
1195 3211 1226 3275 δ’
1254 3212 1326 3284 ἴσως
1355 3212 1495 3295 πρῶτον,

256 3321 316 3389 ὅσα
339 3323 526 3408 παρέλαβον
548 3321 581 3383 ἐκ
606 3322 667 3383 τῶν
689 3319 805 3383 κοινῶν
826 3316 984 3403 ἱστοριῶν,
1011 3317 1051 3393 ἃς
1073 3318 1245 3382 κατέλιπον
1267 3317 1342 3402 ἡμῖν
1365 3315 1395 3381 oi
1424 3314 1495 3388 τούς

257 3438 344 3516 βίους
381 3433 442 3494 τῶν
476 3427 602 3512 ἀνδρῶν
630 3429 686 3512 (sc.
716 3424 939 3492 Demosthenis
967 3431 1012 3491 et*
1027 3423 1225 3510 Aristotelis)
1254 3422 1495 3506 συνταξάμενοι,

258 3551 437 3626 προειπεῖν.
484 3556 511 3602 c.
536 3537 572 3599 4:
613 3533 643 3598 oi
667 3535 739 3609 τοὺς
766 3533 945 3621 ῥητορικοὺς
972 3537 1111 3608 πίνακας
1137 3531 1345 3608 συντάξαντες
1373 3532 1427 3618 (ei.
1455 3530 1494 3596 de

259 3650 290 3715 vi
315 3646 373 3712 dic.
399 3645 491 3711 Deru.
517 3663 542 3708 c.
567 3643 635 3727 53).
680 3638 766 3719 Quae
789 3642 888 3708 uerba
911 3641 1120 3709 consideranti
1143 3639 1221 3705 mihi
1244 3660 1324 3726 quae
1345 3634 1494 3704 Gebhard

258 3760 304 3844 (p,
330 3756 388 3840 38)
413 3753 451 3818 00
472 3749 609 3817 Caecilio
625 3747 940 3815 Plutarchi‘auctore
963 3749 1086 3829 statuit,
1110 3748 1171 3813 nisi
1194 3746 1379 3813 certioribus
1402 3766 1495 3829 argu-

258 3865 374 3930 mentis
397 3857 613 3939 stabilientur,
642 3877 705 3923 000
728 3855 894 3942 explorata
916 3856 1071 3922 videntur.
1120 3854 1165 3919 Eo
1190 3854 1301 3937 igitur,
1330 3857 1366 3918 ut
1394 3852 1495 3918 denuo

258 3991 418 4052 moneam,
448 3969 606 4035 sententia
629 3985 700 4030 mee
723 3967 803 4046 exit,
831 3969 868 4029 ut
891 3966 987 4051 priori
1009 3962 1219 4029 Plutarchcae
1241 3961 1390 4028 relationi
1419 3962 1496 4026 scri·

258 4084 381 4166 ptorem
404 4076 558 4142 Demetrii
583 4072 739 4155 Magnetis
769 4074 874 4137 aetate
902 4071 1082 4137 inferiorem
1111 4070 1238 4137 subesse
1266 4089 1427 4151 censeam3
1456 4067 1496 4134 de

258 4188 344 4253 cuius
368 4187 493 4251 nomine
516 4181 599 4270 quod
623 4179 704 4246 nihil
727 4181 793 4246 erui
816 4183 923 4265 potest
945 4178 1114 4245 dolendum
1137 4182 1195 4244 est.

348 4292 397 4359 De
426 4290 529 4358 altera
555 4287 723 4370 relatione,
759 4307 855 4374 quam
883 4307 944 4373 quo
972 4286 1065 4352 modo
1093 4284 1282 4352 Plutarchus
1314 4285 1412 4370 priori
1446 4281 1496 4348 illi

257 4448 472 4462 ..p—un-——n——u

333 4529 352 4603 ¹)
372 4534 411 4586 De
424 4527 560 4600 Roesigeri
579 4539 666 4581 errore
679 4525 759 4580 verba
772 4525 857 4578 lacere
869 4523 923 4576 iam
935 4537 990 4576 non
1004 4537 1071 4591 opus
1084 4525 1133 4586 est,
1153 4521 1186 4574 et.
1201 4520 1296 4585 Gebh,
1315 4535 1341 4589 ρ.
1356 4518 1382 4584 4,
1403 4520 1430 4586 5,
1452 4517 1493 4574 12.
