3442 5134
716 432 758 444 ..
806 383 940 462 332..

298 574 388 658 Quod
415 576 457 645 ad
478 574 617 664 Lycurgi
644 575 776 663 denique
805 577 906 642 ultam
936 573 1125 661 (661268)
1154 572 1285 657 attinet,
1320 568 1453 639 Photius

212 689 371 754 orationes
395 689 462 753 eius
485 706 554 752 sese
576 684 713 750 nondum
736 683 850 767 legisse
874 686 941 769 ipse
964 684 1096 766 ingenue
1120 683 1247 764 fatetur,
1277 680 1452 769 quindecim

210 802 317 861 autem
346 816 400 861 ees
428 815 497 860 esse
523 794 558 869 ἐξ
580 792 717 879 ἱστορίας
739 791 867 859 indicat.
916 788 1001 867 Quae
1025 792 1123 857 verba
1144 790 1184 857 A.
1209 790 1349 858 Schoene
1360 792 1384 876 ¹)
1408 792 1455 855 ita

210 905 436 989 interpretatus
460 906 518 983 est,
542 903 579 967 ut
601 920 764 966 numerum
788 901 965 965 orationum
989 920 1027 965 ex
1050 919 1098 982 66,
1124 920 1217 986 quem
1240 896 1455 966 PseudoPlu-

211 1010 338 1077 tarchus
362 1030 483 1096 quoque
507 1010 596 1095 sequi
620 1007 788 1090 videretur,
812 1007 1014 1094 biographico
1035 1008 1133 1089 fonte,
1157 1007 1277 1094 irrepta
1293 1008 1454 1093 inscript0,
1506 1022 1508 1029 ·

212 1117 367 1184 aPhotio
391 1119 526 1204 petitum
550 1137 618 1182 esse
646 1118 809 1181 statueret.
857 1114 937 1182 Mihi
964 1119 1074 1181 contra
1102 1114 1295 1202 reliquarum
1319 1115 1456 1181 vitarum

212 1228 470 1314 compositionem
494 1225 705 1292 consideranti
728 1222 835 1290 Photii
858 1223 962 1290 verbis
984 1222 1018 1289 id
1041 1223 1123 1289 effici
1147 1222 1279 1305 videtur,
1309 1223 1456 1309 quoniam

213 1341 249 1402 ut
264 1336 401 1421 Lycurgi
424 1337 581 1406 orationes
604 1331 782 1419 perlegeret
804 1332 942 1398 nondum
966 1336 1124 1415 evenerat,
1148 1333 1255 1419 itaque
1278 1333 1340 1418 ipsi
1363 1331 1401 1396 de
1419 1332 1457 1396 iis

213 1444 350 1531 iudicare
373 1463 435 1508 uon
457 1441 548 1508 licuit
572 1480 614 1490 —
639 1440 679 1506 ob
703 1459 774 1506 eam
789 1442 891 1526 ipsam
908 1460 1036 1505 causam
1051 1439 1183 1506 Photius
1199 1439 1337 1525 Lycurgi
1357 1439 1458 1505 vitam

213 1555 246 1618 in
274 1551 386 1617 ultimo
409 1551 478 1617 loco
502 1551 644 1636 posuisse
669 1548 793 1614 videtur
817 1587 870 1629 -‚
895 1546 1029 1613 aliorum
1052 1548 1183 1630 iudicia,
1213 1569 1293 1635 quae
1316 1549 1349 1612 in
1372 1548 1458 1615 fonte

214 1662 280 1726 eius
308 1665 344 1725 ut
371 1660 405 1724 in
431 1658 561 1743 reliquis
590 1657 665 1722 vitis
693 1657 740 1721 ita
767 1656 800 1721 in
823 1655 961 1741 Lycurgi
988 1652 1111 1742 quoque
1139 1661 1289 1739 congesta
1317 1656 1458 1722 extitisse

214 1787 277 1833 666
299 1770 349 1832 661
372 1786 427 1832 666
450 1766 603 1851 suspicari
626 1764 814 1846 dubitemus,
839 1783 909 1829 eum
933 1765 1099 1850 sprevisse,
1124 1784 1141 1829 6
1164 1765 1251 1830 16616
1274 1784 1340 1847 666,
1365 1768 1398 1829 61
1421 1784 1459 1828 ex

215 1874 379 1941 rhetoricis
408 1876 442 1940 et
469 1872 680 1958 biographicis
709 1872 853 1958 partibus
881 1872 1069 1959 composito,
1101 1870 1139 1938 16
1168 1876 1291 1938 6661666
1315 1871 1458 1958 Lycurgo

216 2003 291 2049 suae
320 1982 418 2068 ipsius
446 1983 532 2047 ritae
559 1984 641 2046 teste
665 1979 781 2046 diserte
789 1981 815 2065 ²)
839 1978 978 2046 indicato
1001 1979 1081 2046 nihil
1104 1978 1191 2045 eliud
1213 1980 1274 2046 nisi
1296 2000 1460 2045 uumemm

217 2090 394 2155 orationum
417 2089 622 2175 praemittere
645 2089 724 2153 satis
747 2086 904 2153 habuisse.
944 2085 1014 2166 Hac
1038 2085 1245 2174 explicatione
1268 2108 1307 2153 ne
1323 2087 1460 2174 Lycurgi

216 2196 342 2284 quidem
372 2198 471 2262 vitam
500 2194 640 2261 esolita
662 2193 721 2259 illa
744 2193 949 2280 dispositione
974 2194 1140 2277 abhorrere
1165 2195 1314 2277 efficitur,
1343 2194 1400 2261 sed
1423 2216 1461 2261 ea

216 2325 339 2391 quoque
363 2305 397 2369 in
419 2303 498 2369 duas
522 2303 624 2369 divisa
639 2306 689 2369 est
704 2307 821 2389 partes,
845 2325 979 2389 quarum
995 2305 1097 2389 priore
1113 2302 1193 2368 nihil
1208 2304 1268 2369 nisi
1285 2305 1460 2369 orationum
1515 2390 1517 2393 .

216 2433 364 2479 uumerus
398 2411 548 2494 traditur,
585 2410 688 2477 altera
721 2413 788 2477 vita
823 2414 889 2477 496
914 2415 932 2468 b
958 2413 1112 2476 41-497
1133 2415 1151 2468 b
1173 2413 1215 2477 23
1251 2412 1459 2493 continuatur,

217 2518 329 2585 deinde
358 2518 397 2584 de
421 2519 542 2584 coronis
567 2539 587 2582 a
610 2517 726 2605 populo
750 2517 876 2584 donatis
900 2521 964 2584 497
986 2521 1078 2602 123,
1109 2522 1166 2601 24,
1196 2519 1328 2605 denique
1342 2509 1391 2584 'de
1415 2517 1461 2583 fa

116 2656 119 2660 ·
217 2627 308 2692 milia
330 2624 467 2711 Lycurgi
491 2627 666 2712 exponitur.
714 2624 813 2703 Quem
836 2627 864 2691 si
886 2627 957 2712 quis
981 2625 1121 2693 ordinem
1144 2647 1215 2693 oum
1238 2625 1461 2692 Demosthenis

219 2736 286 2801 vita
309 2735 550 2819 comparaverit,
574 2733 662 2799 nullo
687 2737 780 2819 pacto
797 2733 965 2816 dubitabit,
989 2736 1065 2820 quin
1082 2775 1123 2783 -
1140 2734 1223 2821 quod
1238 2756 1294 2821 per
1310 2756 1343 2800 se
1359 2735 1462 2821 ipsum

220 2846 464 2909 consentaneum
497 2844 547 2907 est
575 2861 725 2927 —quae
753 2840 792 2906 de
820 2839 958 2924 familia,
995 2839 1033 2908 de
1062 2842 1229 2910 honoribus
1256 2843 1462 2910 Demostheni

220 2952 346 3036 eiusque
370 2951 554 3036 propinquis
579 2971 599 3013 a
618 2948 734 3034 populo
750 2947 894 3031 decretis
919 2948 957 3015 de
973 2952 1081 3016 statua
1097 2951 1162 3017 eius
1179 2957 1463 3019 commemorantur

219 3060 299 3146 (495
320 3059 479 3142 ‹al-11)
504 3058 563 3144 (61
583 3055 711 3139 Ρ6Ρ161.
731 3059 807 3138 288,
833 3059 1004 3144 84-191)
1029 3077 1099 3123 curn
1127 3059 1273 3125 continua
1300 3061 1370 3125 vita
1392 3065 1462 3127 erte

219 3168 420 3235 cohaerentia
442 3165 582 3232 eiusdem
606 3166 671 3234 sint
693 3168 802 3251 partis.
1243 3228 1245 3231 ,

279 3297 282 3309 ’
310 3275 379 3340 lam
403 3293 476 3339 vero
499 3271 943 3367 Pseudo-Plutarcheem
972 3275 1071 3347 vitam
1095 3264 1343 3361 contemplemur
1366 3279 1462 3361 atque

221 3385 265 3450 616
290 3402 431 3467 agamus,
455 3384 492 3446 ut
514 3381 650 3466 primum
674 3381 771 3447 verba
794 3384 864 3468 ipsa
879 3402 1047 3469 eorumque
1070 3402 1150 3469 quae
1165 3384 1247 3448 ratio
1263 3403 1333 3448 oum
1348 3380 1463 3448 Photio

153 3561 155 3564 ,
221 3493 263 3557 611
278 3491 493 3577 inspiciamus,
519 3487 630 3554 deinde
654 3491 921 3575 compositionem,
942 3491 1049 3576 quoad
1072 3490 1140 3555 fieri
1155 3491 1265 3577 possit,
1291 3490 1462 3557 eliciamus

220 3597 326 3685 Atque
355 3619 394 3663 ea
422 3595 618 3664 necessitudo
647 3597 828 3679 intercedit,
858 3600 908 3679 ut,
938 3619 1129 3684 quamquam
1156 3599 1189 3663 in
1216 3596 1374 3684 plerisque
1398 3619 1460 3664 non

223 3705 326 3771 solum
350 3705 442 3771 rebus
460 3705 515 3771 sed
531 3707 629 3772 etiarn
645 3704 747 3770 verbis
764 3706 920 3771 maximus
936 3708 1027 3791 66161
1042 3724 1219 3787 consensus
1243 3708 1351 3770 temen
1367 3705 1465 3771 aliam

99 3822 109 3843 ’
223 3814 320 3878 vitam
349 3833 387 3877 ex
411 3812 476 3879 alia
500 3815 689 3899 exscriptam
713 3833 781 3878 esse
806 3813 857 3876 vix
881 3813 980 3878 statui
1003 3815 1104 3899 possit
1127 3814 1182 3879 sed
1205 3812 1246 3878 ad
1269 3832 1465 3879 communem

299 4046 317 4114 ¹)
337 4066 364 4116 p.
385 4049 447 4114 784,
468 4051 529 4104 787.

296 4134 318 4204 ¹)
339 4140 372 4201 ἐξ
388 4141 504 4209 ἱστορίας
521 4142 714 4212 μεμαθήκαμεν
733 4141 785 4194 496
800 4141 815 4178 b
834 4142 878 4206 41,
898 4143 941 4195 cll.
962 4141 1014 4194 497
1030 4150 1042 4178 ⁸
1058 4141 1074 4196 3
1088 4141 1154 4212 ὣςῆ
1168 4142 1269 4211 ἱστορία
1281 4140 1362 4211 λέγει.
1396 4143 1464 4196 ἕστο·

227 4232 275 4301 μία
294 4246 357 4285 voce
377 4230 445 4283 nihil
464 4232 539 4284 aliud
558 4248 638 4300 quam
657 4233 757 4287 fontem
776 4248 793 4284 6
812 4232 907 4285 Photio
927 4234 1089 4304 6666616166
1109 4233 1253 4303 significari
1273 4233 1302 4285 in
1316 4235 1463 4302 propatulo

224 4324 275 4376 est.
319 4320 433 4374 Omnino
459 4321 592 4373 assentior
616 4325 644 4374 et
668 4321 853 4395 2661666616.
879 4320 943 4387 305)
968 4323 1081 4378 Schoeni
1109 4324 1358 4392 interpretationem
1384 4325 1463 4378 Dion.

224 4412 284 4465 Hal.
305 4426 331 4480 6.’
353 4410 405 4465 587
426 4413 454 4464 61
473 4409 569 4464 72511.
590 4412 697 4464 66116116
715 4412 886 4480 impugnanti
905 4414 1058 4466 6111661166
1073 4414 1247 4468 Ballheimeri
1273 4417 1462 4483 argumentum

225 4501 792 4570 (666111611666666666661661666666
816 4517 874 4555 esse
898 4503 997 4556 statuit
1021 4501 1223 4572 (6186166166,
1248 4521 1341 4558 comm.
1367 4521 1392 4573 p.
1414 4502 1461 4571 28)
1553 4540 1561 4551 ·

225 4593 326 4663 optimo
347 4593 405 4646 iure
424 4593 563 4649 refutanti.

1149 4663 1153 4671 ’
1233 4700 1249 4762 e
