3442 5134
760 350 894 420 :24
941 395 982 403 -

251 529 423 599 Plutarcho
446 531 621 601 Timodemi
644 536 684 621 (c.
711 537 747 616 33
772 537 846 620 39);
871 534 957 600 aliud
980 535 1147 602 discrimen
1170 535 1202 602 id
1226 538 1285 617 est,
1308 533 1393 621 'quod
1414 531 1491 599 Plu-

251 641 362 707 tarcho
387 646 513 708 auctore
529 642 718 728 Syracusani
742 662 804 709 nen
827 646 895 708 tum
911 643 952 708 ad
967 642 1076 709 civiles
1091 642 1247 709 tumultus
1262 641 1491 729 componendos
1545 674 1549 681 ·

252 770 347 836 quam
376 754 485 816 contra
512 749 685 837 periculum
713 772 733 816 a
756 750 1066 835 Carthaginiensibus
1089 752 1271 833 imminens,
1300 751 1354 837 qui
1376 770 1491 834 magno

252 860 390 924 exercitu
412 859 445 923 in
468 858 610 927 Siciliam
632 860 805 927 transvecti
831 864 923 925 erant
950 862 990 946 (c.
1017 862 1069 945 2),
1096 881 1118 952 0
1141 857 1312 924 Corinthiis
1327 856 1492 935 ,auxilium

252 967 445 1052 petiverunt,
469 988 487 1032 e
511 967 643 1034 Diodori
662 972 772 1034 antem
795 969 974 1035 narratione
997 968 1030 1034 id
1053 967 1189 1035 dilucide
1213 972 1347 1054 apparet
1369 969 1411 1053 (c.
1437 966 1491 1048 66,

254 1076 311 1168 67)
336 1073 612 1158 Carthaginienses
636 1075 842 1143 Timoleontis
866 1076 1062 1163 expeditione
1086 1080 1338 1162 comportatum
1366 1075 1492 1140 demum

252 1203 324 1248 curn
347 1185 491 1269 tyrannis
506 1183 683 1250 Sicularum
699 1184 821 1250 urbium
837 1184 964 1251 foedera
978 1185 1095 1267 iniisse,
1120 1185 1274 1271 imprimis
1291 1204 1362 1250 cum
1378 1182 1494 1249 Hiceta

253 1292 285 1377 (e
308 1290 412 1358 verbis
436 1311 461 1358 c.
488 1293 545 1357 bl:
573 1292 713 1375 μάλιστα
735 1293 771 1357 dd
793 1295 875 1380 πρὸς
893 1294 1008 1380 Ἱκέτην
1031 1295 1086 1358 τῶν
1110 1296 1172 1358 τῶν
1190 1297 1392 1379 Συρακοσίων
1414 1292 1493 1356 δυν-

252 1398 443 1476 αστεύοντα,
470 1401 530 1467 nisi
558 1401 738 1487 corruptela
760 1404 831 1489 (pro
854 1404 1052 1487 Λεοντίνων)
1080 1402 1203 1483 subest,
1236 1401 1328 1467 facile
1351 1398 1494 1467 concludi

253 1511 373 1593 potest,
401 1507 550 1576 Hicetam
573 1511 639 1575 iam
660 1515 730 1575 tum
752 1510 925 1596 Syracusas
948 1511 1111 1596 tenuisse).
1158 1509 1268 1576 Aliam
1290 1510 1387 1593 igitur
1409 1507 1494 1575 haud

252 1615 346 1682 dubie
369 1615 556 1682 relationem
579 1617 735 1685 Diodorus
758 1621 909 1705 sequitur,
934 1622 1118 1707 praesertim
1144 1640 1225 1701 cum,
1254 1619 1337 1705 qued
1360 1617 1458 1684 Helm
1469 1619 1493 1702 ¹)

253 1726 388 1808 monuit,
417 1745 479 1791 non
507 1725 609 1793 solum
636 1725 825 1794 Hannonem
853 1748 909 1814 pre
933 1727 1065 1812 Magone
1089 1727 1189 1815 (Plut.
1219 1747 1245 1794 c.
1278 1729 1334 1809 173
1364 1727 1403 1792 cf.
1435 1727 1492 1810 19)

253 1832 522 1918 Carthaginiensis
545 1833 657 1901 classis
680 1836 875 1922 praelectum
898 1836 1020 1918 afferat,
1045 1836 1100 1903 sed
1118 1838 1216 1902 otiam
1232 1835 1351 1903 duobus
1367 1835 1400 1900 in
1414 1833 1493 1901 locis

253 1946 327 2030 (61,
353 1947 389 2027 23
415 1946 474 2026 69,
501 1945 536 2029 3)
561 1944 693 2011 eundem
717 1943 1024 2029 Carthaginiensium
1047 1946 1208 2032 copiarum
1231 1964 1395 2010 numerum
1418 1940 1493 2007 Plu·

252 2052 361 2117 tarcho
390 2054 543 2139 opponat,
572 2073 763 2140 quamquam
791 2053 883 2120 huius
911 2057 951 2141 (c.
984 2055 1040 2138 ll)
1068 2056 1103 2130 ἓξ
1129 2051 1293 2139 μυριάδων
1321 2051 1427 2127 πεζῶν
1455 2070 1494 2116 ex

251 2162 350 2246 ipsius
374 2159 425 2227 rel
448 2159 571 2227 librarii
594 2181 696 2227 errore
721 2163 794 2227 oriri
818 2164 958 2249 potuisse
981 2182 1043 2229 non
1066 2160 1246 2244 negaverim
1254 2162 1291 2246 ²).

343 2268 491 2335 Summae
515 2269 719 2337 difficultates
741 2290 768 2336 c.
787 2273 840 2352 69,
865 2278 902 2335 70
924 2270 1014 2336 nobis
1034 2271 1195 2356 parantur,
1219 2267 1332 2354 quibus
1359 2266 1494 2353 Syracu-

253 2397 359 2442 sarum
387 2377 524 2444 obsessio
533 2379 560 2463 ³)
588 2378 666 2444 mire
694 2377 889 2446 describitur.
936 2375 1078 2444 Primum
1106 2377 1189 2443 enirn
1212 2375 1368 2442 Diodorus
1391 2373 1496 2440 Timo

252 2483 391 2550 leontem
413 2483 529 2551 Hiceta
551 2484 592 2559 ad
607 2484 792 2553 Hadranum
815 2486 906 2574 pulso
930 2487 1040 2552 statim
1063 2485 1104 2550 ad
1127 2484 1299 2570 Syracusas
1322 2483 1447 2550 duxisse
1462 2484 1495 2548 in

253 2612 279 2658 c.
294 2593 347 2673 68,
367 2599 398 2655 11
416 2592 467 2658 fin.
493 2597 603 2659 contra
616 2591 821 2661 Plutarchum
845 2595 983 2681 exponit,
1007 2612 1068 2679 quo
1092 2595 1219 2659 auctore
1235 2612 1306 2658 arce
1331 2593 1372 2677 (c.
1389 2592 1446 2676 13)
1463 2594 1496 2656 01
1602 2582 1607 2591 ’
1714 2656 1715 2695 η

252 2698 435 2766 Achradina
459 2701 532 2786 (18)
556 2702 672 2787 captis,
701 2701 856 2768 militibus
880 2700 1075 2768 subsidiariis
1098 2723 1118 2765 a
1141 2698 1312 2766 Corinthiis
1335 2699 1497 2766 missiset

254 2810 287 2874 in
310 2807 452 2875 Siciliam
476 2811 679 2893 transvectis,
708 2809 854 2877 Messana
877 2812 1030 2896 occupata
1052 2811 1120 2875 tum
1144 2807 1270 2874 demum
1294 2810 1336 2894 (c.
1362 2809 1420 2892 20)
1444 2807 1497 2873 Ti-

252 2916 377 2983 moleon
399 2917 454 2982 ἐπὶ
476 2919 533 2993 τὰς
551 2914 755 3005 Συρακούσας
777 2917 931 3000 ἐβάδιζεν.
958 2919 1012 3004 (cf.
1037 2937 1063 2983 o.
1083 2919 1124 2982 16
1149 2920 1182 2982 01
1200 2919 1266 3000 18).
1307 2915 1429 3003 Deinde
1445 2936 1495 2980 res

253 3027 286 3091 in
309 3046 334 3091 c.
354 3026 396 3091 69
421 3025 592 3093 aDiodore
615 3031 763 3094 narratae
787 3048 858 3093 cum
873 3026 1044 3093 Plutarcho
1062 3030 1264 3113 comparatae
1279 3024 1495 3092 incredibilem

253 3134 285 3198 in
319 3132 446 3198 modum
481 3136 656 3220 permixtae
691 3133 845 3201 videntur.
897 3134 1017 3200 Eodem
1053 3136 1136 3199 enim
1171 3137 1312 3220 tempore
1340 3133 1449 3200 Insula
1476 3153 1496 3198 0

251 3240 415 3327 Dionysio,
439 3242 622 3309 Achradina
644 3247 677 3310 01
693 3241 845 3330 Neapolis
869 3243 910 3308 ab
925 3243 1050 3324 Hiceta,
1075 3240 1215 3328 reliquae
1239 3242 1324 3308 urbis
1344 3245 1452 3327 partes
1476 3263 1497 3306 a

253 3348 447 3416 Timoleonte
471 3355 641 3438 occupatae
664 3354 775 3434 teneri,
799 3357 909 3439 portus
925 3373 1057 3436 magnus
1073 3373 1093 3415 a
1109 3350 1421 3435 Carthaginiensibus
1441 3349 1496 3415 ob

252 3457 349 3524 sideri
383 3457 541 3526 dicuntur!
581 3459 607 3525 Ε
643 3460 807 3527 Plutarchi
840 3465 948 3527 autem
982 3459 1137 3527 relatione
1165 3461 1269 3546 (0.9)
1297 3457 1429 3525 Hicetas
1458 3458 1497 3521 τὰ

253 3566 388 3630 πλεῖστα
409 3572 487 3654 μέρη
512 3570 573 3632 τῶν
595 3572 805 3656 Συρακουσῶν
827 3568 1025 3654 κατειληφώς
1047 3568 1167 3632 ἐκεῖνον
1189 3567 1249 3650 μέν
1268 3569 1313 3641 είς
1329 3567 1385 3651 τὴν
1399 3560 1497 3651 ἀκρό-

251 3673 350 3737 πολιν
372 3675 425 3737 καὶ
449 3676 504 3761 τὴν
526 3677 724 3762 καλουμένην
740 3680 850 3763 Νῆσον
872 3677 1123 3759 συνεσταλμένον
1146 3674 1243 3750 αῧτὸς
1258 3673 1498 3760 συνεπολιόρκει

251 3781 304 3845 καὶ
327 3785 592 3869 συμπεριετείχιζε
616 3786 669 3872 (cf.
692 3805 718 3851 c.
739 3788 795 3849 ll:
830 3780 883 3848 ὅτε
906 3786 959 3848 καὶ
981 3782 1175 3848 παντάπασι
1199 3787 1313 3867 συνέβη
1337 3781 1409 3856 τοὺς
1431 3786 1497 3845 Συ-

251 3894 415 3976 ρακοσίους
437 3891 626 3971 ἀπογνῶναι
650 3893 706 3977 τὴν
729 3896 896 3978 σωτηρίαν,
918 3891 1057 3979 ὁρῶντας
1081 3892 1136 3955 τοῦ
1160 3890 1219 3973 μὲν
1242 3889 1366 3972 λιμένος
1389 3888 1475 3954 αὐτῶ
1479 3910 1499 3953 ν

251 3998 487 4085 Καρχηδονίους
508 4001 715 4087 κρατοῦντας,
739 4000 795 4086 τὴν
817 3999 852 4063 δὲ
875 3995 972 4064 πόλιν
989 3998 1106 4083 Ἱκέτην
1126 3996 1253 4078 ἔχοντα,
1276 3999 1329 4082 τῆς
1351 3996 1382 4061 δ’
1398 3996 1499 4083 ἄκρας

250 4103 435 4191 κυριεύοντα
468 4108 659 4184 Διονύσιον,
696 4108 891 4193 Τιμολέοντα
924 4108 960 4172 δέ
981 4107 1062 4195 κτλ).
1092 4157 1095 4161 ·
1122 4103 1156 4173 Ο.
1188 4108 1230 4173 13
1258 4104 1429 4193 Dionysius
1463 4125 1497 4172 sc

326 4379 346 4449 ¹)
366 4385 400 4449 rr,
420 4401 446 4453 p.
467 4383 528 4439 arc.

326 4471 348 4541 ²)
367 4476 466 4546 Volqra
485 4493 513 4545 p.
533 4475 576 4531 98.

323 4562 345 4640 ⁸)
364 4567 444 4622 Helm
462 4567 497 4634 Ii,
516 4584 543 4642 p.
563 4566 626 4626 466.
