3442 5134
745 384 786 399 .,
834 346 967 414 45·-

235 530 276 618 (c.
304 531 462 617 12-14).
510 526 643 597 Nullam
666 530 751 598 enim
775 528 874 596 aliern
896 530 962 597 vim
985 528 1083 597 verbe
1104 549 1131 597 c.
1158 529 1200 597 12
1224 526 1339 598 iudea
1365 527 1475 614 λαβὼν

234 640 268 705 dl
293 642 349 705 κτλ
377 640 495 706 hebere
522 640 555 705 in
583 643 733 727 promptu
760 643 824 721 est;
853 639 974 726 optime
1001 637 1204 705 illustrantur
1231 660 1257 705 c.
1289 643 1330 706 18
1359 645 1392 706 et
1422 642 1473 722 16,

235 748 323 815 cuius
351 748 449 815 verba
480 748 520 815 ab
555 747 621 815 illis
656 769 682 815 e.
715 750 756 813 12
791 746 876 834 quod
903 746 1055 831 Roesiger
1087 748 1237 830 seiunxit,
1274 748 1476 816 vehementer

235 858 355 924 errauit
377 860 424 944 (p.
441 859 510 943 41).
550 855 745 924 Historieum
768 855 892 922 nullum
916 857 949 922 in
971 876 1041 942 epp.
1062 859 1102 922 12
1127 860 1160 923 et
1179 859 1220 921 16
1244 856 1475 923 conscribendis

236 965 269 1030 in
292 986 381 1031 usum
407 959 551 1031 vocatum
574 986 642 1031 esse
665 964 759 1032 facile
775 984 884 1030 omnes
899 963 1079 1046 concedent,
1103 965 1158 1051 qui
1174 984 1200 1031 e.
1220 966 1261 1029 12
1279 965 1474 1031 considerate

236 1074 437 1160 inspexerint.
484 1071 674 1140 Plutarchus
697 1073 781 1140 enim
805 1073 867 1138 nisi
890 1073 988 1138 verba
1014 1071 1032 1137 ὃ
1061 1073 1115 1136 καλ
1141 1073 1280 1156 μάλισιά
1309 1098 1363 1157 μοι
1378 1075 1479 1140 -doxet

235 1182 340 1257 δείσας
351 1221 393 1230 -
404 1186 628 1267 περιγενέσθαι
641 1182 723 1248 nihil
733 1181 773 1249 de
785 1162 841 1247 suti
853 1180 1008 1263 intulisse,
1023 1180 1146 1267 reliqua
1157 1183 1264 1247 omnia
1274 1183 1307 1247 in
1319 1182 1405 1250 fonte
1417 1205 1472 1251 suo

167 1328 171 1335 ·
235 1290 391 1357 invenisse
415 1289 548 1372 videtur,
572 1291 606 1355 in
628 1291 742 1377 quibus
766 1290 863 1357 Verba
884 1290 926 1366 ὥς
946 1330 989 1340 -
1009 1291 1062 1355 καὶ
1085 1291 1197 1373 λαβεῖν
1219 1291 1304 1355 ἐστιν
1326 1290 1396 1357 ἀπὸ
1414 1297 1476 1358 τῶν

239 1398 446 1463 Φιλιππικῶν
469 1398 724 1483 δημηγοριῶν-
741 1394 903 1464 ἅπτονται
927 1398 968 1475 ed
987 1403 1112 1481 πίνακα
1125 1398 1282 1485 quendam
1299 1400 1475 1466 orationum

235 1503 399 1571 referende
420 1527 490 1572 esse
512 1507 667 1592 suspicor,
697 1506 837 1573 eiusdem
860 1507 894 1572 ni
917 1505 1012 1573 fallor
1034 1507 1197 1593 scriptoris
1219 1508 1306 1579 cuius
1334 1507 1476 1575 doctrina

235 1616 267 1679 in
290 1634 316 1680 e.
336 1616 377 1680 15
402 1614 538 1681 dilucide
561 1616 689 1682 eminet.
730 1613 816 1693 Quae
840 1616 868 1682 si
892 1615 1074 1702 probentur,
1098 1615 1182 1702 qued
1201 1615 1283 1687 hune
1303 1620 1473 1698 auctorem,

235 1723 289 1808 qui
317 1722 356 1789 de
384 1724 578 1790 orationihus
607 1726 696 1811 (15),
725 1723 764 1790 de
792 1723 927 1810 publicis
954 1724 1128 1793 rationibus
1156 1727 1197 1810 (e
1230 1727 1286 1808 12,
1321 1728 1363 1791 13
1392 1725 1476 1812 quod

235 1831 408 1897 maximam
423 1836 548 1919 partem
562 1832 696 1898 eundern
713 1832 921 1911 Demostheni
942 1833 1101 1899 faventem
1123 1833 1262 1899 animum
1285 1834 1412 1918 spirat),
1437 1833 1475 1899 de

235 1939 456 2022 insignissimis
467 1940 561 2006 rebus
573 1943 737 2027 (re-18)
750 1939 902 2027 pleraque
913 1939 1084 2008 Plutarcho
1096 1940 1322 2027 suppeditavit,
1341 1941 1475 2009 eundem

235 2068 303 2114 esse
323 2051 440 2131 statuo,
465 2071 485 2114 a
504 2068 566 2135 qno
583 2069 653 2135 epp.
673 2052 795 2129 4-10,
819 2050 992 2114 maximam
1007 2048 1135 2135 quidem
1151 2054 1284 2135 partem,
1308 2049 1477 2136 desumpta

234 2160 318 2239 sunt,
342 2177 404 2222 nen
426 2158 613 2224 temerarius
636 2156 766 2224 videbor
778 2159 811 2243 ¹).

325 2263 463 2339 Transeo
487 2285 568 2331 nunc
584 2264 633 2331 ‘ad
656 2285 728 2331 eum
742 2263 953 2332 Plutereheae
976 2266 1062 2332 vitae
1081 2265 1186 2333 locum
1203 2267 1378 2333 accuratius
1393 2270 1476 2333 trae·

234 2372 377 2455 tondum,
401 2374 455 2459 qui
478 2373 513 2438 in
534 2373 693 2440 hiemum
716 2374 844 2441 modum
868 2374 1044 2461 explicatus
1067 2373 1108 2441 ed
1131 2374 1388 2460 compositionem
1408 2375 1476 2441 uni-

235 2501 344 2547 versae
380 2482 465 2547 vitae
500 2485 585 2548 recte
621 2481 868 2566 intellegendam
896 2484 1035 2551 maximo
1061 2481 1180 2549 auxilio
1209 2487 1273 2566 est,
1300 2487 1475 2581 extremam

234 2609 261 2655 e.
288 2592 330 2655 13
354 2593 478 2675 partem
501 2589 570 2657 dico
594 2595 627 2656 et
649 2592 828 2680 universum
852 2594 948 2676 eaput
972 2593 1024 2658 14.
1064 2589 1215 2674 Roesiger
1239 2593 1284 2678 (p.
1310 2593 1369 2678 41)
1392 2595 1477 2659 reete

236 2698 411 2782 perspexit,
446 2719 526 2783 qnae
554 2686 701 2765 Panaetii
735 2701 767 2784 (e
793 2697 877 2764 libro
905 2699 979 2783 mel
1000 2699 1209 2782 καθήκοντος.
1246 2697 1346 2764 Gebh.
1376 2721 1407 2786 p.
1433 2702 1475 2766 32

236 2806 317 2890 not.)
353 2803 436 2871 dicte
471 2810 694 2889 annectuntur,
730 2805 822 2889 longe
855 2805 952 2871 alium
988 2810 1083 2892 atque
1111 2826 1258 2893 eaquae
1287 2806 1477 2893 praecedunt
1605 2890 1613 2904 ι

235 2913 375 2978 animum
391 2916 521 3000 spirare,
546 2914 706 3001 aliumque
722 2920 893 2996 auctorem,
917 2914 1125 2981 Demostheni
1140 2914 1342 2997 malevolum,
1367 2913 1477 2981 aPlu·

232 3021 343 3088 terehe
372 3021 548 3089 adhibitum
561 3045 646 3108 ‚esse
676 3024 788 3106 videri3
817 3024 937 3090 erravit
964 3028 1071 3090 autem
1094 3045 1190 3111 quarn
1213 3026 1364 3105 maxime,
1393 3022 1477 3109 quod

233 3150 260 3199 c.
287 3131 329 3196 14
353 3131 450 3197 verba
471 3132 544 3197 ἐπιλ
566 3172 608 3180 -
633 3133 786 3218 παρῆλθε
809 3132 949 3198 convicio
971 3130 1179 3199 Demostheni
1202 3131 1288 3198 dieta
1316 3152 1384 3197 esse
1411 3134 1477 3197 sta·

233 3239 306 3319 tuit,
330 3260 411 3325 quae
434 3243 544 3306 centra
559 3237 723 3306 Plutarchi
745 3240 845 3305 vitam
869 3240 1028 3326 privatam
1043 3239 1266 3305 Demosthenis
1289 3238 1476 3304 aeonviciis

234 3344 431 3413 defendentis
455 3368 524 3413 esse
547 3345 716 3430 Roesigeri.
732 3348 876 3432 eenser²)
900 3351 934 3412 et
955 3345 1138 3432 Gauianus)
1162 3347 1195 3411 in
1219 3345 1306 3417 clera
1328 3345 1397 3412 luce
1421 3366 1476 3432 po

233 3459 372 3521 suerunt.
420 3454 557 3521 Dubium
586 3454 727 3541 profecto
750 3474 812 3519 nen
836 3458 896 3535 est,
923 3455 998 3540 quin
1021 3453 1211 3525 Plutarchus
1234 3452 1305 3519 inde
1329 3474 1349 3518 a
1373 3453 1476 3519 verbis

232 3561 275 3638 ὡς
297 3566 361 3642 εἴγε
383 3564 439 3627 κιλ
464 3562 504 3628 ab
528 3582 580 3644 eo,
609 3582 702 3649 quern
725 3562 766 3627 iu·
781 3581 807 3627 e.
835 3564 892 3642 12,
923 3564 965 3627 13
989 3567 1023 3627 et
1045 3581 1117 3627 mea
1143 3561 1303 3627 sententia
1328 3562 1362 3625 in
1384 3579 1473 3647 capp.

233 3673 345 3737 4-10
368 3676 585 3757 usurpaverat,
610 3674 737 3737 auctore
760 3669 802 3735 ad
824 3689 951 3756 prorsus
974 3668 1133 3741 diuersum
1157 3667 1326 3735 deflexerit.
1367 3666 1476 3745 Qualis

105 3762 109 3773 ¹
233 3779 285 3846 hic
308 3780 413 3861 fuerit,
438 3779 531 3846 facile
554 3781 766 3864 cognoscitur:
802 3777 1026 3845 Demosthenis
1041 3798 1112 3844 eum
1127 3776 1284 3844 Phocione
1300 3777 1475 3862 comparati

232 3888 384 3971 ignavum
406 3887 654 3975 corruptelisque
675 3892 821 3975 apertum
836 3886 978 3953 animum
993 3886 1115 3953 detexit
1130 3889 1171 3972 (e.
1191 3888 1232 3951 13
1250 3884 1318 3950 fin:
1343 3884 1477 3969 ανδριλα

234 4036 448 4045 ι--κ--Ἥη

310 4105 329 4173 ι)
351 4109 522 4173 Plutarchus,
543 4111 575 4162 ut
594 4111 688 4162 contre
706 4108 876 4176 propesitum
895 4102 976 4160 suum
995 4105 1029 4159 de
1046 4108 1151 4159 oratore
1166 4103 1344 4160 Demosthene
1362 4106 1418 4157 tam
1431 4118 1474 4156 ee·

234 4204 326 4252 curete
346 4202 445 4268 ageret,
470 4213 502 4252 eo
521 4198 594 4255 haud
613 4197 695 4251 dubie
715 4198 817 4251 fectum
835 4202 886 4259 est,
911 4195 984 4265 qued
1006 4197 1102 4260 tentes,
1124 4210 1194 4264 quos
1212 4194 1247 4249 de
1266 4195 1346 4249 rebus
1364 4194 1475 4262 publice

235 4289 318 4357 gestis
338 4290 478 4343 consulere
498 4289 523 4341 ei
540 4289 570 4340 in
589 4287 679 4341 anime
699 4288 765 4352 eret,
784 4285 817 4340 de
837 4287 961 4340 oratoriis
979 4285 1079 4338 studiis
1098 4285 1213 4354 aliisque
1236 4284 1369 4339 eiusmodi
1393 4285 1473 4339 rebus

233 4379 343 4447 plenius
362 4380 548 4447 exposuerant.

307 4464 330 4533 ¹)
351 4468 448 4522 Philel.
468 4466 607 4535 Anaeiger.
637 4466 695 4530 Vll,
716 4482 741 4532 p.
764 4464 824 4519 126.

306 4554 529 4630 huzd&
