3442 5134
727 328 949 417 -13'-

217 531 245 600 si
274 529 401 620 quidem
428 536 648 617 argumentum
671 530 756 599 illud
782 535 948 619 tantopere
976 524 1118 619 premere
1146 530 1175 597 ei
1198 529 1312 598 libuit?
1348 529 1457 617 Neque

217 642 318 725 magis
346 640 521 727 probabilis
549 660 645 707 causa
671 641 803 724 cogitari
831 645 951 727 potest,
988 661 1043 707 cur
1069 662 1138 727 cap.
1168 642 1226 723 35,
1256 642 1299 706 36
1327 660 1390 706 non
1418 639 1458 705 ad

217 748 350 814 eundem
373 754 532 815 auctorem
557 769 628 816 cum
651 751 795 830 30-33,
820 750 955 814 37-40
978 750 1163 825 referamus:
1198 748 1355 814 Diodorus
1370 746 1460 813 nulla

216 855 338 921 ratione
362 856 429 923 eius
451 857 498 921 rei
521 856 641 937 habita,
666 857 729 922 utri
752 857 837 942 parti
861 854 1066 947 auctorgsuus
1089 857 1220 938 faveret,
1245 857 1386 940 singulas
1409 876 1458 921 res

217 963 405 1050 simpliciter
427 963 570 1051 nudeque
593 963 701 1031 ordine
724 984 780 1030 suo
796 966 978 1050 persecutus
994 967 1052 1030 est.
1092 962 1242 1028 Extrema
1258 983 1284 1029 o.
1302 965 1345 1028 35
1362 962 1460 1029 verba

217 1070 288 1145 τοδς
310 1070 458 1147 δ’ἄλίοας
480 1071 523 1147 ὡς
544 1071 722 1159 ἱεροσύλους
744 1072 953 1137 κατεπόντισε
974 1072 1094 1139 nullius
1116 1071 1268 1137 momenti
1291 1074 1373 1137 sunt.
1421 1070 1459 1135 In

216 1199 242 1245 ο.
268 1180 310 1246 38
335 1200 408 1245 voro
432 1180 678 1263 δεισιδαιμονίας
700 1180 835 1264 vestigia
857 1178 917 1247 illa
938 1183 1104 1266 tantopere
1132 1200 1241 1266 pressa
1269 1182 1380 1265 aperta
1402 1199 1459 1264 pa-

215 1291 299 1354 tent:
327 1287 465 1373 οὗξηκιδς
487 1287 602 1353 ἑαυτοῦ
624 1288 680 1374 τὴν
702 1289 869 1371 βασιλείαν
892 1299 961 1364 ταῖς
983 1312 1017 1352 τε
1039 1288 1175 1373 πράξεσι
1197 1287 1250 1350 καί
1273 1290 1308 1378 τῇ
1327 1289 1408 1374 πρὸς
1425 1287 1459 1350 τὸ

216 1400 310 1459 θετον
332 1394 475 1479 εδσεβείᾳ
497 1397 563 1481 §L
587 1398 621 1461 et
643 1397 698 1481 §6
722 1395 887 1470 ἐπιπόνως
909 1396 963 1459 καί
985 1399 1038 1482 τῆς
1059 1396 1206 1479 ἀσεβείας
1221 1399 1339 1469 οἰκείαις
1353 1399 1460 1458 κατίσ-

216 1513 315 1589 apeme
339 1505 464 1587 adeptor
474 1504 509 1588 ¹).
550 1501 622 1568 Non
645 1504 743 1569 aium
767 1503 903 1570 colorem
926 1503 1057 1571 Diodori
1079 1503 1176 1571 verba
1199 1524 1224 1570 o.
1251 1506 1304 1586 56,
1330 1505 1350 1566 4
1374 1503 1461 1568 exhi-

216 1610 305 1678 bent:
341 1612 484 1697 (ortua)
507 1611 544 1674 δέ
565 1624 633 1687 ταῖς
655 1613 805 1693 ἐσχάταις
827 1615 944 1687 αἰκίαις
966 1614 1150 1698 περιπεσών
1172 1616 1291 1677 οἰκείαν
1314 1614 1366 1697 τῆς
1388 1610 1460 1674 ἀσε-

215 1723 303 1802 βείας
325 1718 397 1799 ἔσχε
420 1721 476 1804 τὴν
499 1721 554 1784 τοῦ
576 1722 647 1802 βίον
668 1720 902 1806 καταστροφὴν,
926 1740 1006 1805 quae
1021 1719 1155 1785 eundem
1171 1741 1263 1806 quom
1278 1721 1312 1785 in
1327 1739 1397 1806 opp.
1416 1720 1456 1783 31

218 1829 252 1891 et
275 1826 333 1907 38,
363 1829 523 1893 auctorem
551 1826 728 1894 adhibitum
756 1848 824 1894 esse
853 1827 947 1894 facile
976 1827 1070 1894 alicui
1094 1833 1204 1895 contra
1226 1832 1367 1894 nostram
1390 1847 1461 1893 sen·

217 1933 352 2000 tentiam
374 1953 469 2020 supra
492 1935 709 2001 confirmatam
732 1936 920 2023 persuadere
945 1937 1076 2023 possint.
1122 1935 1185 2002 Sed
1207 1936 1376 2003 tenendum
1400 1939 1459 2016 est,

217 2040 485 2108 narratiunculam
508 2044 527 2128 ξ
551 2046 582 2125 7,
611 2026 827 2130 quam‘priori
850 2044 1009 2111 Diodoreo
1033 2045 1153 2110 auctori
1176 2049 1260 2111 recte
1284 2043 1460 2110 vindicasse

217 2148 296 2213 mihi
325 2149 446 2232 videor,
483 2149 648 2217 simillima
674 2153 833 2218 sententia
859 2152 1038 2218 terminari:
1074 2151 1150 2216 ὁδὲ
1177 2156 1230 2236 τῆς
1257 2156 1461 2238 παρανομίας

217 2251 333 2341 ταύτης
354 2256 478 2342 ῆγιμιίν
504 2258 612 2322 Φίλων
633 2257 651 2322 ὁ
674 2264 899 2347 προειρημένος
922 2259 1002 2340 ταχδ
1027 2261 1068 2345 τῷ
1091 2260 1244 2344 δαιμονίῳ
1268 2260 1324 2332 τὰς
1346 2282 1461 2344 προςη-
1520 2278 1525 2281 ·

217 2363 333 2438 καύσας
354 2364 443 2439 δίκας
465 2365 590 2447 ἐξέτισε,
614 2386 694 2452 quae
718 2367 816 2433 verba
838 2367 878 2432 ab
895 2366 952 2432 illo
969 2370 1095 2433 auctore
1111 2367 1240 2432 minime
1256 2365 1361 2432 aliena
1376 2370 1459 2447 sunt,

217 2470 271 2556 qui
294 2469 418 2537 fabulas
443 2475 475 2537 et
490 2470 716 2559 Delphioorum
739 2473 937 2540 sacerdotum
952 2474 1140 2540 traditiones
1156 2494 1218 2539 non
1234 2475 1363 2560 sprevit.
1399 2471 1460 2538 Vix
1491 2534 1493 2539 ,

217 2575 355 2644 dubitari
389 2582 510 2665 potest,
546 2581 622 2666 quin
655 2581 696 2647 ad
724 2580 857 2646 eundem
884 2576 1033 2663 fontem,
1055 2580 1227 2668 Delphicus
1255 2585 1360 2661 vates,
1396 2578 1461 2645 alia

217 2706 340 2773 quoque
366 2682 520 2754 nonnulla
542 2688 719 2756 Diodoreae
747 2690 939 2755 narrationis
964 2690 1128 2755 referenda
1156 2690 1234 2772 sint,
1248 2686 1352 2755 uelut
1379 2685 1461 2752 Ono

218 2794 337 2861 marchi
361 2797 517 2861 somnium
539 2798 572 2861 in
596 2816 622 2862 c.
648 2797 736 2881 38²).

307 2902 366 2969 His
402 2904 595 2987 argumentis
630 2903 783 2971 adductus
818 2924 857 2971 ne
885 2905 1022 2991 priorem
1056 2903 1183 2990 quidem
1212 2924 1237 2969 c.
1264 2906 1306 2969 56
1335 2905 1460 2989 partem

217 3012 336 3076 auctori
364 3032 434 3098 epp.
466 3013 607 3077 23-27
637 3011 712 3078 dare
745 3033 870 3094 vereor,
905 3032 1005 3099 neque
1040 3010 1135 3077 aliter
1170 3010 1208 3076 de
1243 3011 1358 3077 fabulis
1393 3011 1460 3076 sine

217 3117 309 3185 dubie
333 3118 473 3201 eiusdem
501 3121 631 3204 originis
658 3120 775 3203 iudico,
805 3142 886 3207 quae
915 3141 940 3186 o.
972 3123 1013 3185 57
1043 3122 1076 3186 et
1103 3139 1128 3185 c.
1162 3120 1219 3201 58,
1239 3125 1322 3182 4-6
1351 3140 1460 3183 narra-

124 3264 126 3267 ·
216 3227 296 3291 tioni
322 3227 460 3292 insertae
488 3234 562 3294 sunt
596 3249 667 3295 curn
701 3250 741 3295 ea
774 3228 935 3295 levissime
963 3233 1126 3309 consutae,
1162 3227 1318 3313 imprimis
1347 3245 1372 3292 o.
1404 3227 1457 3308 58,

215 3340 298 3397 4-6
333 3333 385 3400 cll.
415 3332 508 3401 Paus.
540 3338 598 3418 10,
634 3338 693 3419 36,
730 3339 765 3419 3;
802 3359 881 3424 quas
914 3335 1031 3402 diutius
1059 3337 1175 3401 morari
1203 3355 1265 3400 non
1293 3354 1371 3420 opus
1399 3338 1457 3399 est.
1505 3356 1509 3362 ·

216 3440 279 3507 Sed
307 3462 369 3508 non
396 3441 498 3508 solum
526 3442 651 3509 fabulas
674 3443 763 3525 illas,
792 3443 848 3510 sed
876 3444 974 3510 etiam
1002 3464 1028 3510 c.
1060 3444 1203 3509 58-60
1231 3442 1357 3507 omnino
1385 3439 1459 3507 reli-

216 3549 392 3632 giosissimo
431 3549 480 3615 illi
519 3552 639 3616 auctori
677 3550 896 3637 Volquardscn
939 3555 972 3616 et
1009 3549 1097 3616 Paek
1140 3550 1330 3629 tribuerumt,
1375 3547 1459 3634 quod

216 3657 328 3744 quibus
357 3657 395 3723 de
423 3659 526 3725 causis
554 3660 682 3725 minime
711 3658 789 3723 mihi
816 3658 1035 3745 probaverint,
1065 3658 1172 3743 capita
1194 3655 1253 3722 illa
1276 3659 1366 3721 caute
1389 3675 1459 3741 per-

216 3765 445 3848 vestigantibus
481 3769 572 3832 extra
605 3765 705 3832 ullam
740 3765 969 3832 dubitationem
1006 3766 1076 3831 erit.
1132 3763 1272 3829 Primum
1307 3765 1392 3829 enim
1425 3764 1459 3828 in

216 3893 242 3938 e.
269 3873 322 3953 59,
348 3875 391 3938 60
415 3872 516 3939 ullum
539 3875 785 3957 δεισιδαιμονίας
807 3872 860 3940 vol
883 3874 998 3940 summi
1020 3874 1053 3937 in
1075 3870 1252 3937 Phocenses
1277 3871 1339 3937 odii
1363 3871 1459 3937 vesti-

217 3980 302 4062 gium
326 3983 434 4045 extare
456 3980 635 4063 negandum
659 3985 716 4047 est.
757 3979 846 4058 Quod
869 3981 902 4045 in
918 3979 1188 4067 Amphictyonum
1211 3978 1345 4045 decretis
1364 3977 1460 4044 verba

291 4176 311 4248 ¹)
330 4181 456 4234 Notanda
474 4183 540 4235 sunt
558 4179 619 4248 §62
639 4183 684 4236 τὸν
703 4181 869 4254 ’θιομιίοχοο
888 4182 943 4235 οίδν
955 4185 1003 4235 τοῦ
1015 4182 1060 4235 τὸν
1073 4182 1143 4249 ἱερὸν
1156 4182 1271 4246 πόλεμον
1285 4180 1458 4240 duodennos

215 4270 262 4327 κτλ
280 4272 443 4342 quibuscum
462 4271 583 4325 conferas
601 4287 624 4325 e.
637 4270 680 4337 23,
695 4287 707 4328 r
722 4270 881 4341 (Φιλόμηλος
893 4271 1020 4332 ἐξέκαυσε
1032 4270 1076 4323 τδν
1088 4272 1159 4340 ἱερὸν
1171 4267 1307 4336 πόλεμον).
1339 4267 1454 4323 Videtur

216 4364 261 4417 hic
279 4364 374 4417 auctor
394 4360 427 4415 dc
446 4360 611 4414 Onomarcho
631 4360 812 4414 Phocensium
830 4364 921 4414 motus
940 4363 1050 4415 auctore
1069 4360 1203 4428 copiosius
1226 4358 1396 4423 disseruisse,
1421 4358 1456 4410 cf.

217 4452 262 4516 32,
276 4469 302 4518 ες
322 4450 366 4519 31,
381 4468 402 4507 s.
441 4449 566 4506 Sahaefcr
583 4450 605 4517 1,
623 4465 651 4518 p.
669 4449 733 4505 445.

291 4537 314 4607 ¹)
334 4541 406 4595 Pack
424 4557 451 4610 p.
474 4540 532 4594 187.
