3442 5134
749 402 789 415 ..
837 356 971 430 41'..

237 551 300 613 τῶν
322 546 525 623 διδασκάλου
545 547 616 632 κτλ)
641 546 765 612 omissis
788 548 890 610 totum
911 545 1067 611 oratoriae
1084 542 1276 611 institutioni
1290 541 1478 610 incubuisse.

238 654 324 735 Quae
340 654 510 742 explicatio
526 654 661 735 Libanii,
686 674 779 740 quem
795 653 954 719 rhetorem
970 653 1089 728 alonte
1105 650 1295 719 Plutarcheo
1317 650 1480 718 simillimo

238 784 275 830 ao
303 761 535 830 necessitudine
563 762 701 849 quadam
729 782 800 828 cum
826 761 884 827 illo
911 764 1074 828 coniuncto
1098 760 1240 827 hausisse
1264 764 1348 828 viros
1371 760 1480 827 doctos

238 890 301 937 non
317 870 437 955 effugit,
462 870 566 938 verbis
581 890 644 936 non
659 890 771 957 parum
787 870 1008 958 comprobatur
1024 873 1070 956 (p.
1089 872 1165 951 294,
1189 872 1231 936 29
1248 892 1295 956 sq.
1313 868 1479 936 Westerm.

239 979 376 1065 Biogr.):
407 984 475 1055 νέος
496 978 536 1065 ἢν
558 980 629 1062 μὲν,
650 975 692 1054 ὥς
716 997 828 1063 φασιν,
850 980 994 1063 ἀσθενὴς
1017 981 1059 1065 τῷ
1083 978 1205 1061 σώματι
1226 979 1279 1042 καὶ
1295 978 1433 1062 νοσώδης
1445 978 1479 1062 ¹),

238 1082 316 1151 ὥστε
330 1087 405 1173 μηδ’
421 1090 465 1161 εἰς
480 1088 684 1174 παλαίστραν
700 1090 860 1172 φοιτῆσαι,
875 1087 1031 1173 καθάπερ
1048 1087 1169 1162 πάντες
1181 1086 1211 1152 ολ
1226 1088 1481 1172 τῶνἏθηναίων

239 1194 353 1269 παῖδες
381 1195 542 1258 εἰώθεσαν
568 1195 641 1270 κτλ,
669 1197 703 1260 et
731 1214 760 1258 v.
791 1196 832 1259 43
861 1189 933 1269 ‹irr'
960 1191 1023 1258 ἀπ’
1045 1196 1163 1280 ἐκείνης
1187 1198 1239 1281 τῆς
1261 1192 1345 1282 ὧρας
1368 1194 1481 1258 πάντα

239 1302 387 1388 πάρεργα
410 1305 491 1388 πρὸς
515 1305 587 1378 τοὺς
610 1303 725 1381 λόγους
749 1307 884 1366 θέσθαι.
932 1300 1010 1368 Cum
1034 1302 1096 1368 hac
1117 1304 1185 1386 sine
1209 1302 1303 1375 dubie
1329 1300 1483 1367 benevola

240 1410 395 1477 relatione
418 1410 607 1477 Plutarchus
630 1431 669 1476 ex
693 1410 756 1477 alio
780 1411 867 1476 fonte
890 1409 988 1476 aliam
1010 1410 1202 1476 malevolam
1227 1412 1280 1497 (cf.
1304 1410 1396 1475 Dein.
1427 1396 1480 1488 18,

239 1521 320 1605 257)
344 1520 551 1601 commiscuit,
575 1540 656 1605 quae
680 1518 928 1584 Demosthenem
951 1540 1093 1607 eaquae
1117 1521 1267 1603 ingenuos
1290 1539 1403 1605 pueros
1427 1518 1482 1584 de·

238 1628 331 1695 cebat
353 1626 530 1693 eruditione
551 1632 692 1694 tutorum
708 1626 817 1692 fraude
826 1630 970 1694 caruisse
986 1627 1156 1710 contendit,
1182 1649 1277 1714 quam
1292 1627 1480 1693 relationem

239 1734 366 1802 aliunde
395 1736 428 1800 in
456 1736 599 1821 primarii
627 1737 763 1802 auctoris
791 1738 1006 1801 narrationem
1033 1735 1158 1801 illatam
1187 1757 1254 1804 esse
1282 1755 1358 1801 voce
1386 1737 1483 1812 δοκεῖ,

240 1843 303 1908 nisi
326 1841 436 1923 tallor,
466 1844 545 1908 satis
568 1844 767 1928 perspicuum
790 1847 841 1909 est
865 1844 974 1929 (aliter
998 1842 1113 1924 Gebh,
1143 1865 1172 1931 p.
1200 1846 1268 1930 28).
1316 1842 1422 1930 Atque
1449 1846 1482 1909 in
1571 1834 1573 1837 ’

239 1971 266 2018 ο.
291 1952 310 2015 5
334 1970 459 2037 quoque
482 1949 613 2016 duorum
636 1948 764 2016 illorum
788 1955 951 2017 auctorum
974 1950 1125 2017 dissensio
1149 1953 1351 2038 apertissima
1374 1954 1483 2017 extaro

240 2058 319 2125 mihi
347 2057 486 2124 videtur:
528 2057 685 2123 malevolo
714 2060 798 2123 enirn
826 2058 925 2124 verba
952 2055 994 2133 (ἔς
1022 2081 1104 2133 τινες
1131 2059 1254 2137 λέγουσι
1283 2057 1337 2144 (de
1369 2057 1482 2145 quibus

239 2166 324 2232 idem
339 2166 423 2253 quod
439 2166 477 2232 de
493 2167 581 2232 doust
592 2165 793 2233 iudicandum
809 2168 884 2252 est),
910 2167 965 2230 uir
987 2166 1159 2253 ὡρισμένον
1180 2168 1302 2249 μισθὸν
1313 2167 1483 2251 Ἰσοκράτει

241 2275 363 2338 τελέσαι
386 2276 428 2360 μὴ
452 2273 640 2358 δυνάμενος,
664 2275 720 2350 τὰς
742 2275 819 2339 δέκα
838 2279 934 2358 μνᾶς,
956 2275 1010 2340 διὰ
1027 2277 1083 2361 τὴν
1097 2273 1260 2361 domantur
1276 2275 1394 2361 optime
1411 2294 1482 2340 eon·

242 2383 348 2449 venire
371 2384 442 2469 quis
465 2382 580 2466 neget?

331 2490 488 2557 Similiter
511 2490 549 2558 de
573 2511 599 2557 c.
626 2494 734 2557 6-11
760 2487 970 2573 iudicandum'
985 2514 1053 2560 esse
1077 2497 1109 2559 et
1124 2491 1328 2559 Gebhardum
1352 2494 1397 2577 (p.
1425 2492 1481 2575 16)

240 2600 391 2665 extremis
407 2618 433 2666 e.
453 2601 492 2663 ll
511 2597 618 2663 verbis
633 2595 734 2681 (ἀλλὰ
751 2601 824 2684 περὶ
837 2600 897 2683 μὲν
914 2601 1034 2665 τούτων
1050 2607 1164 2686 καίπερ
1187 2600 1232 2663 ἔτι
1256 2601 1356 2664 πλείειν
1380 2600 1483 2677 λέγειν

240 2706 366 2787 ἔχοντες
393 2706 543 2768 ἐνταῦθα
570 2705 769 2787 παυσόμεθα
796 2708 869 2792 κτλ)
898 2707 1062 2795 deceptum
1086 2728 1147 2774 uno
1170 2712 1279 2774 tenore
1303 2711 1399 2793 alque
1422 2726 1482 2771 uno

241 2834 259 2879 e
282 2813 371 2878 fonte
394 2813 501 2877 omnia
523 2831 563 2876 ea
585 2813 704 2898 scripta
726 2834 794 2880 esse
817 2835 880 2880 non
902 2820 988 2881 recte
1011 2818 1160 2882 statuisse
1187 2836 1267 2880 nunc
1295 2815 1483 2901 probaturus

241 2942 321 2988 sum.
361 2921 401 2986 In
423 2940 450 2986 c.
470 2922 489 2985 6
513 2920 582 2985 init.
600 2918 828 2988 Demosthenes
852 2943 924 2989 eum
947 2922 1139 3009 epheborum
1162 2926 1303 2988 aetatem
1326 2924 1483 3005 ingressus

240 3029 412 3095 tutelarem
440 3047 568 3094 eausam
595 3028 726 3112 egisset,
764 3031 886 3114 τόλμαν
913 3032 994 3117 πρὸς
1023 3032 1056 3096 τὸ
1085 3032 1188 3109 λέγειν
1218 3033 1271 3093 καλ
1305 3014 1484 3116 συνήθειαν

241 3136 355 3222 ἱκανὴν
378 3136 489 3217 λαβὼν
510 3135 564 3199 καλ
585 3135 776 3221 γευσάμενος
799 3142 851 3225 τῆς
873 3140 947 3224 περὶ
970 3140 1041 3214 τοὺς
1063 3138 1190 3218 ἀγῶνας
1217 3139 1400 3221 φιλοτιμίας
1428 3137 1481 3199 καὶ

242 3242 404 3327 δυνάμεως
427 3246 470 3317 εἰς
492 3247 588 3326 μέσον
610 3250 762 3331 παριέναι
785 3249 838 3310 καὶ
863 3249 902 3310 τὰ
925 3249 1016 3312 κοινὰ
1039 3246 1191 3333 πράττειν
1218 3248 1416 3330 ἐπεχείρησε,
1443 3246 1482 3310 ef.

242 3372 322 3438 quae
346 3349 442 3437 paule
466 3353 539 3437 post
559 3350 722 3435 leguntur:
750 3350 849 3429 οὕτως
873 3358 914 3432 ab
930 3363 1013 3439 Δημ.
1037 3360 1150 3441 συνέβη
1168 3396 1209 3404 -
1226 3355 1260 3418 ἐκ
1283 3352 1394 3417 τούτοιν
1409 3377 1484 3437 κτη-

242 3464 369 3544 σαμένῳ
384 3456 549 3544 δεινότητα
563 3462 616 3523 καὶ
632 3458 769 3544 δύναμιν
783 3462 819 3525 ἐν
835 3472 899 3536 τοῖς
914 3463 1089 3536 πολιτικοῖς
1103 3460 1223 3540 ἀγῶσιν
1240 3501 1281 3508 -
1299 3460 1483 3545 πρωτεύειν.

241 3566 361 3647 Quibus
389 3566 493 3633 verbis
521 3567 602 3632 nihil
631 3567 718 3635 aliud
747 3589 842 3655 quarn
871 3570 1068 3654 sequentium
1096 3572 1236 3656 capitum
1265 3571 1484 3650 argumentum

243 3696 339 3762 quam
363 3674 548 3740 brevissime
571 3675 753 3741 adumbrari
775 3675 855 3740 mihi
878 3675 1002 3741 videtur
1024 3675 1077 3743 cll.
1103 3677 1135 3741 in
1159 3676 1270 3740 eodem
1293 3675 1411 3760 capito:
1442 3676 1484 3739 δι’

240 3780 401 3868 didam,-
422 3781 465 3846 δι’
486 3780 635 3864 ἀθυμίαν
640 3811 651 3862 ,·
674 3783 733 3847 ὑπ’
748 3782 912 3865 ἀτολμίας.
951 3782 1124 3869 Postquam
1142 3784 1225 3848 euim
1242 3786 1328 3869 (opp.
1347 3784 1484 3868 6—11),
1509 3825 1512 3830 -

242 3889 355 3976 quibus
377 3888 525 3956 remediis
548 3892 686 3976 corporis
710 3891 789 3957 vitia
816 3892 977 3957 sanaverit
1004 3892 1178 3978 quibusque
1206 3889 1484 3957 exercitationibus

242 4017 332 4063 suam
348 3998 503 4062 creaverit
527 3995 749 4083 eloquentiam,
774 3996 964 4064 Plutarchus
980 4000 1155 4065 accuratius
1171 3998 1325 4086 exposuit,
1347 3998 1380 4063 in
1395 4018 1421 4063 c.
1442 4000 1483 4062 12

242 4104 293 4170 his
316 4102 435 4190 pergit:
465 4099 587 4189 ὥρμησε
608 4105 668 4187 μέν
691 4103 751 4170 οὖν
772 4106 827 4169 ἐπὶ
851 4106 886 4169 τὸ
909 4104 1061 4190 πράττειν
1086 4108 1124 4170 τὰ
1147 4107 1239 4171 κοινὰ
1262 4109 1317 4169 τοῦ
1340 4109 1484 4169 Φωκικοῦ

243 4211 386 4294 πολέμου
414 4215 603 4286 συνεστῶτος
629 4212 702 4287 κτλ,
735 4212 847 4297 quibus
876 4211 916 4278 ad
946 4211 1006 4276 illa
1040 4233 1066 4278 c.
1098 4216 1117 4279 6
1154 4218 1262 4301 aperte
1297 4212 1483 4279 reducimur.

319 4461 339 4530 ¹)
360 4465 398 4519 De
423 4463 542 4531 corporis
566 4463 754 4519 imbecillitate
777 4464 889 4519 aliunde
913 4466 982 4521 nibil
1008 4471 1127 4535 constat,
1157 4469 1211 4523 uisi
1235 4467 1375 4524 Aeschinis
1405 4467 1485 4522 rerba

245 4554 272 4620 3,
292 4552 345 4609 255
364 4554 446 4608 causa
461 4553 582 4608 fuerunt.
