3442 5134
766 313 899 379 ...54
947 353 988 362 ..

256 494 481 584 probabilitate
509 494 632 562 statuit.
687 492 766 560 Cum
798 491 879 559 nihil
911 494 1076 581 praeterea
1110 514 1127 559 e
1156 491 1263 579 Satyri
1299 490 1495 579 amplissimo

257 624 349 691 opero
366 603 404 669 de
420 602 634 673 Demosthene
650 602 794 668 fortunae
810 601 978 688 iniquitate
993 601 1083 668 nohis
1100 604 1258 668 servatum
1275 600 1326 681 sit,
1343 603 1496 686 quantum

256 709 445 777 Plutarchus
473 710 514 776 ab
541 709 598 775 illo
627 709 764 797 pendeat
793 708 922 777 definhe
950 729 1013 775 non
1041 708 1139 775 audeo
1164 706 1295 795 (Gebh,
1326 709 1495 792 20-23).

257 819 438 891 Aristonem
463 815 560 883 (lenm
588 819 692 904 ipsum
719 836 842 904 quoque
871 814 1117 904 Peripateticum
1146 838 1166 881 a
1189 813 1361 881 Plutarcho
1388 837 1497 881 narra-

256 927 352 992 tionis
380 924 467 992 illius
494 928 587 991 testis
615 923 684 991 loco
713 923 819 993 afferri
848 927 888 1011 (c.
914 926 989 1011 30),
1018 922 1165 991 Gebhard
1193 945 1224 1011 p.
1238 926 1293 993 ,20
1321 944 1384 990 non
1410 927 1496 990 recte

258 1035 404 1121 opinatus
429 1037 487 1100 est.

348 1140 491 1207 Certiora
513 1140 552 1206 de
575 1139 782 1228 Hermippo
805 1139 980 1227 Smyrnaeo
992 1141 1016 1227 ¹)
1040 1142 1179 1207 statuere
1202 1138 1292 1223 licet,
1322 1141 1409 1206 cuius
1434 1144 1498 1222 βίοι

258 1250 298 1317 ab
326 1250 485 1331 omnibus,
522 1250 577 1335 qui
603 1250 636 1315 in
662 1250 738 1316 vitis
766 1250 904 1315 virorum
934 1249 1044 1335 quovis
1073 1248 1106 1314 in
1134 1269 1246 1332 genere
1278 1247 1500 1315 excellentium

228 1363 231 1368 ’
258 1356 456 1425 illustrandis
479 1357 597 1423 versati
612 1362 695 1438 sunt,
720 1356 929 1424 libentissime
946 1355 1108 1443 compilati
1124 1359 1206 1422 sunt.
1247 1354 1295 1420 Ex
1310 1353 1499 1442 amplissimi

259 1464 456 1532 Callimacho
481 1469 607 1531 auctore
630 1465 769 1531 inst'tuti
793 1466 896 1555 operis
920 1483 1061 1551 eaquae
1085 1467 1244 1529 oratorum
1260 1464 1354 1545 vitas,
1379 1461 1499 1550 pleras-

259 1595 318 1661 que
347 1572 517 1658 diligenter
545 1578 723 1655 enarratas,
760 1573 957 1658 continebat,
992 1576 1083 1661 parte
1111 1593 1224 1640 novem
1252 1572 1431 1659 fragmenta
1459 1570 1500 1636 ad

257 1681 482 1750 Demosthenis
510 1682 609 1747 vitam
637 1681 829 1767 pertinentia
857 1685 984 1747 servata
1011 1684 1099 1762 sunt,
1135 1701 1267 1767 quorum
1294 1684 1429 1766 quatuor
1461 1678 1499 1744 de

258 1789 515 1878 praeceptoribus
539 1793 638 1872 agunt
661 1793 756 1877 atque
780 1788 840 1855 duo
865 1788 990 1876 quidem
1015 1788 1053 1854 de
1069 1788 1169 1869 Isaeo,
1195 1809 1275 1875 quae
1297 1808 1378 1855 nunc
1398 1787 1501 1874 primo

259 1897 328 1965 loco
345 1918 592 1985 percenseamus.
629 1895 721 1963 Prius
737 1896 821 1985 apud
833 1896 1116 1984 Harpocrationem
1131 1899 1181 1962 est
1197 1894 1356 1983 (Dindorf‚
1374 1917 1403 1983 p.
1420 1899 1500 1982 162)

257 2029 284 2072 s,
309 2027 339 2071 v.
374 2006 498 2081 Ἰσαῖοςε
527 2003 569 2079 εἷς
587 2009 648 2087 μέν
663 2005 727 2069 ἐστι
745 2008 806 2067 τῶν
822 2004 898 2068 δέκα
914 2004 1065 2091 ῥητόρων,
1087 2005 1236 2088 μαθητής
1252 2003 1285 2068 δὲ
1296 2003 1503 2090 Ἰσοκράτους,

259 2113 451 2188 διδάσκαλος
466 2112 500 2176 δὲ
512 2116 752 2197 Δημοσθένους,
762 2112 939 2201 Ἀθηναῖος
955 2112 989 2173 τὸ
1001 2115 1091 2189 γένος
1102 2110 1195 2173 καθά
1210 2106 1503 2196 φησινἘρμιπττος

257 2221 294 2284 έν
320 2223 353 2303 β’
381 2220 455 2306 περὶ
484 2222 545 2282 τῶν
564 2218 762 2305 Ἰσοκράτους
788 2220 956 2303 μαθητῶν.
1007 2217 1186 2304 Δημήτριος
1214 2218 1244 2282 δ’
1273 2218 1308 2282 ἐν
1337 2231 1400 2293 τοῖς
1428 2219 1503 2302 περὶ

257 2328 431 2412 δμονύμοιν
453 2330 595 2412 ποιητῶν
611 2327 775 2391 Χαλκιδέα
793 2343 889 2412 φησιν
905 2324 1005 2390 αυτὸν
1020 2329 1112 2389 εἶναι.
1153 2324 1266 2392 Suidas
1283 2325 1395 2395 eadem
1411 2325 1503 2393 affert

260 2436 364 2503 verbis
387 2436 480 2500 καθά
507 2454 603 2520 φησιν
627 2474 669 2483 -
693 2438 852 2520 μαθητῶν
876 2434 1014 2516 omissis,
1044 2432 1134 2500 addit
1159 2455 1247 2501 vero:
1284 2433 1376 2509 οὗτος
1404 2435 1502 2499 inar-
1552 2448 1559 2463 ·

253 2527 361 2610 7νιῖται
384 2543 437 2607 καὶ
459 2543 501 2618 ὡς
524 2542 625 2629 ῥήτωρ
648 2542 702 2606 καὶ
724 2542 765 2619 ὡς
781 2547 994 2629 Δημοσθένην
1017 2541 1135 2627 άμισθὶ
1157 2545 1353 2630 προαγαγών
1361 2545 1399 2628 ²).
1438 2542 1502 2609 Ac·

261 2651 346 2719 cedit
373 2654 486 2718 tertius
511 2650 682 2736 Dionysius
705 2650 978 2721 Halicarnassenis
1007 2651 1060 2738 (de
1084 2651 1125 2718 Is.
1156 2651 1218 2717 iud.
1250 2632 1311 2738 1):'
1342 2651 1415 2741 obde
1440 2653 1501 2738 γὰρ

260 2760 278 2824 ὅ
303 2760 375 2835 τούς
389 2758 586 2846 Ἰσοκράτους
608 2760 759 2844 μαθητάς
782 2760 980 2847 ἀναγράψας
996 2755 1200 2845 Ἕρμιππος,
1228 2759 1358 2846 ἀκριβής
1381 2760 1417 2824 ἐν
1440 2772 1503 2835 τοῖς

260 2868 369 2942 ἄλλοις
395 2867 581 2952 γενόμενος,
608 2866 690 2954 ὑπὲρ
720 2868 812 2932 τοῦδε
841 2871 896 2933 τοῖν
919 2866 1048 2953 ῥήτορος
1070 2865 1163 2930 οιίδὲν
1186 2869 1306 2952 εἴρηκεν
1330 2862 1390 2943 ἔξω
1414 2867 1503 2931 δυοῖν

265 2975 404 3057 τούτοιν,
426 2971 475 3039 ὅτι
498 2975 644 3062 διήκουσε
665 2975 725 3058 μὲν
742 2975 953 3061 Ἰσοκράτους,
975 2974 1182 3060 καθηγήσατο
1206 2974 1240 3038 δὲ
1263 2979 1504 3060 Δημοσθένους,

262 3088 443 3163 συνεγένετο
466 3083 501 3147 δὲ
526 3094 588 3158 τοῖς
611 3082 747 3169 ἀρίστοις
771 3086 832 3145 τῶν
856 3082 1055 3167 φιλοσόφων,
1079 3102 1160 3169 quae
1184 3081 1281 3149 verba
1301 3082 1389 3149 nullo
1410 3082 1503 3175 modo

261 3192 309 3257 ita
336 3190 509 3279 premenda
536 3195 624 3273 sunt,
659 3195 696 3257 ut
723 3210 793 3257 oum
821 3189 973 3277 Harpoor.
1004 3187 1124 3256 collata
1151 3189 1303 3277 Dionysio
1338 3190 1504 3258 levitatem

262 3299 421 3387 quandam
445 3299 568 3365 crimini
592 3297 666 3364 dare
690 3297 865 3365 videantur.
913 3297 961 3365 De
987 3299 1092 3386 patria
1120 3301 1203 3364 enim
1226 3298 1309 3365 isaei
1333 3298 1504 3387 Dionysius

208 3409 211 3417 '
261 3406 356 3496 paulo
381 3409 455 3474 ante
479 3409 546 3493 ipse
569 3408 634 3472 iam
658 3408 802 3494 exposuit
824 3405 867 3482 ὡς
888 3410 947 3487 μέν
971 3429 1051 3481 τινες
1074 3405 1248 3492 ἱστοροῦσιν
1266 3408 1445 3493 Ἀθηναῖος
1469 3410 1502 3472 ιδ

261 3520 362 3596 γένος,
384 3515 426 3590 ὡς
449 3515 480 3580 δ’
504 3519 602 3601 ἕτεροι
624 3515 784 3601 γράφουσι
807 3515 1003 3591 Χαλκιδεὺς,
1031 3514 1143 3602 quibus
1167 3514 1271 3581 verbis
1299 3515 1384 3581 haud
1411 3515 1504 3582 dubie

262 3622 432 3709 Hermippi
454 3620 669 3708 Demetriique
692 3620 938 3709 discrepantiam
965 3621 1109 3707 intellegi
1137 3622 1216 3688 uult.
1265 3621 1351 3701 Quae
1380 3624 1406 3689 si
1435 3626 1504 3712 quis

263 3730 433 3819 prudenter
446 3728 698 3813 consideraverit,
713 3729 909 3817 quinSuidae
921 3732 1101 3797 nouissimis
1114 3730 1217 3798 verbis
1228 3729 1504 3807 obverberaremur

262 3842 315 3904 καὶ
337 3839 378 3914 δς
401 3838 502 3927 ῥήτωρ
526 3840 578 3902 καὶ
601 3838 643 3914 ὡς
657 3844 871 3926 Δημοσθένην
893 3838 1010 3922 ἀμισθὶ
1030 3840 1226 3926 προαγαγών
1242 3858 1314 3905 cum
1329 3837 1504 3930 Hermippo

338 4054 357 4124 ¹)
377 4059 517 4128 Hermippi
545 4058 685 4125 Smyrnaei
712 4057 887 4127 Peripatetici
918 4058 950 4110 fr.
988 4057 1049 4110 aoll.
1076 4055 1144 4125 disp.
1174 4060 1202 4110 et
1229 4059 1269 4112 ill.
1299 4060 1331 4112 A.
1362 4061 1504 4129 hozynshi.

263 4148 472 4205 Bonnae1832.
1251 4210 1254 4217 .

335 4234 357 4303 ¹)
377 4238 544 4293 Demetrium
563 4255 579 4292 a
598 4237 682 4292 Suida
701 4241 938 4292 commemoratum
959 4235 1119 4310 (Δημήτριος
1136 4239 1214 4291 δὲ-
1228 4236 1318 4307 φησὶν)
1338 4254 1393 4293 non
1408 4241 1505 4296 Phale-

263 4344 347 4394 reum,
368 4327 416 4384 sed
435 4329 583 4396 Magnetem
603 4344 660 4383 esse
679 4343 773 4383 moneo
792 4331 903 4397 propter
921 4330 1060 4382 western.
1080 4329 1178 4397 Biogr.,
1197 4345 1224 4397 p.
1244 4328 1307 4394 471,
1327 4335 1355 4383 et
1373 4330 1414 4384 vir
1433 4331 1505 4386 doct.

263 4420 292 4472 in
311 4419 382 4472 Phil.
401 4419 477 4483 Ana,
502 4418 561 4484 VII,
580 4435 608 4487 p.
630 4418 696 4485 124;
717 4420 750 4473 ot
770 4419 981 4486 Volkmannum,
1000 4421 1039 4474 De
1058 4418 1157 4476 Suidae
1176 4420 1356 4493 biographiois
1377 4435 1423 4494 qu.
1443 4437 1505 4481 nov.

266 4507 428 4582 (Numburgi
450 4505 538 4575 1873),
558 4525 585 4580 p.
606 4507 640 4565 13
659 4512 687 4565 et
706 4509 801 4575 Goba,
820 4525 848 4582 p.
870 4509 912 4567 12.
