3442 5134
724 409 766 417 ..
815 346 948 433 21'..

216 573 233 618 e
255 551 347 617 libris
370 551 524 632 hauserit,
553 552 762 616 internoscere
786 547 914 615 difficile
938 552 1001 630 est,
1032 550 1064 613 iu
1092 551 1358 634 comparationem
1386 569 1456 614 cum

215 659 352 726 Diodoro
376 680 487 725 vocare
510 656 598 725 nullo
621 657 714 723 modo
736 657 827 739 licet3
856 657 1102 739 δεισιδαιμονίας
1125 656 1211 722 illins
1230 642 1353 723 indicia
1380 677 1457 722 non-

216 766 306 833 nulla
321 788 396 832 sane
413 770 524 831 extant
539 787 564 831 c.
582 766 625 847 II,
651 768 671 831 3
689 767 789 830 ταῦτα
807 768 863 828 τοῦ
889 761 1069 849 Φιλομήλου
1091 765 1237 844 λέγοντος
1258 764 1317 829 οὐκ
1339 765 1457 844 ἐγένετο

217 875 352 940 ἀκούσιοι
381 878 422 961 τῷ
451 869 574 960 πλήθει
603 877 664 937 τῶν
690 876 841 948 Φωκέων,
869 874 930 936 εἴτε
959 872 1015 956 τὴν
1037 870 1164 957 γνώμην
1186 877 1274 955 σφίσι
1299 875 1353 936 τοῦ
1376 875 1459 936 θεοῦ

218 980 428 1067 βλάπτοντος,
450 986 512 1046 εἴτε
534 982 587 1046 καὶ
602 982 712 1056 adroic
727 978 904 1063 πεφυκόσιν
918 970 1296 1065 ἕπίπροσθεν”·εὺσεβείας
1312 979 1351 1042 τὰ
1367 980 1458 1066 κέρδη

218 1096 396 1156 ποιεῖσθαι.
444 1094 462 1177 q
485 1095 521 1156 4:
553 1087 734 1174 Ὀνομάρχῳ
757 1089 816 1173 μὲν
839 1089 927 1163 τέλος
950 1091 1005 1155 τοῦ
1032 1092 1102 1171 βίον
1130 1091 1272 1154 τοιοῦτον
1299 1086 1459 1176 ἐπήγαγεν

218 1200 235 1266 ὅ
260 1200 393 1283 δαίμων,
415 1200 528 1286 quibus
551 1202 648 1266 etiam
670 1198 858 1265 Onomarchi
882 1200 1037 1264 somnium
1060 1196 1134 1263 addi
1161 1202 1272 1284 potest,
1297 1199 1362 1265 sed.
1376 1201 1402 1265 si
1425 1219 1458 1263 re

220 1329 294 1375 vera
320 1307 493 1374 Pausanias
521 1307 652 1373 Diodori
684 1312 810 1373 auctore
846 1328 919 1372 usus
952 1309 1037 1372 esset
1064 1310 1132 1372 tam
1161 1306 1286 1371 exiliter
1317 1306 1459 1394 nudeque

221 1399 370 1482 Phalaeci
392 1420 526 1481 mortem
547 1435 617 1481 eum
639 1418 953 1480 commemoraturum
981 1415 1077 1480 luisse
1100 1414 1283 1480 incredibile
1299 1420 1357 1482 est.
1398 1416 1461 1481 Sed

221 1525 448 1611 discrepantiae
471 1523 646 1589 Pausaniae
671 1522 868 1588 aDiodorea
890 1523 1069 1587 narratione
1092 1523 1262 1589 nonnullae
1285 1545 1347 1588 non
1370 1525 1461 1610 parvi

220 1635 371 1698 momenti
397 1633 607 1697 inveniuntur.
658 1627 800 1695 Primum
827 1631 913 1695 enim
939 1630 1003 1695 iam
1031 1634 1104 1716 post
1130 1630 1300 1697 Philomeli
1327 1636 1461 1697 mortem

221 1739 403 1826 Philippum
427 1759 497 1805 curn
512 1738 677 1803 Thebanis
700 1736 808 1803 foedus
831 1739 938 1803 iniisse
962 1735 1135 1831 Pausanias
1159 1743 1269 1804 contra
1288 1738 1462 1805 Diodorum

222 1847 323 1929 affert,
350 1847 460 1912 deinde
477 1845 707 1912 Onomarchum
723 1866 743 1909 a
759 1847 822 1912 suis
839 1847 936 1932 ipsius
959 1846 1113 1913 militibus
1137 1867 1262 1913 caesum
1286 1868 1353 1913 esse
1377 1846 1462 1912 solus

221 1956 321 2021 tradit
345 1959 388 2042 (u.
408 1976 503 2042 supra
525 1977 556 2042 p.
577 1956 643 2040 15),
668 1958 737 2020 tum
752 1957 908 2020 somnium
922 1954 1053 2041 Phaylli
1069 1956 1109 2022 ab
1127 1956 1314 2023 Onomarchi
1330 1959 1460 2037 somnio,

182 2114 186 2117 -
221 2065 304 2152 quod
328 2064 410 2151 apud
427 2064 600 2131 Diodorum
622 2066 663 2150 (c.
682 2065 740 2148 33)
761 2062 887 2147 legitur,
912 2063 1006 2150 plane
1023 2063 1181 2131 diuersum
1197 2085 1235 2130 ex
1252 2066 1360 2131 eedem
1377 2065 1463 2130 fonte

221 2173 345 2240 fluxisse
374 2175 428 2259 qui
450 2171 538 2239 Pach
573 2173 633 2238 sibi
667 2174 860 2259 persuaserit
887 2193 950 2239 non
973 2192 1131 2258 assequor.
1180 2171 1265 2250 Quae
1288 2177 1357 2238 tum
1381 2172 1464 2258 apud

220 2280 411 2348 Pausaniam
439 2285 611 2366 sequuntur
638 2281 691 2346 vel
726 2281 878 2347 eiusmodi
913 2285 986 2348 sunt
1013 2285 1050 2347 ut
1077 2280 1115 2347 de
1140 2283 1257 2365 origine
1280 2281 1359 2346 nihil
1385 2283 1463 2346 certi

222 2388 353 2455 iudicari
376 2391 478 2475 possit
500 2389 551 2455 vel
574 2389 654 2455 nihil
678 2410 748 2456 cum
772 2388 910 2455 Diodoro
934 2410 1097 2455 commune
1121 2390 1248 2455 habent.
1275 2376 1337 2455 'De
1353 2388 1465 2455 Pachii

223 2498 418 2584 opinionibus
441 2498 516 2584 quid
540 2498 675 2585 amplius
699 2498 831 2583 proferri
854 2494 955 2583 possit
977 2518 1040 2564 non
1063 2498 1168 2579 vide03
1193 2498 1417 2584 Demophilum
1445 2520 1465 2563 a

127 2601 129 2604 ⁴
221 2606 359 2672 Diodoro
375 2606 553 2672 adhibitum
569 2626 638 2672 esse
654 2605 751 2670 nullis
767 2607 860 2671 certis
876 2604 928 2670 vel
945 2604 1023 2671 adeo
1039 2606 1255 2692 probabilibus
1271 2608 1464 2690 argumentis

223 2715 322 2779 evinci
351 2734 442 2798 posse
470 2714 549 2778 satis
576 2712 752 2778 luculenter
779 2711 1042 2779 demonstravisse
1070 2714 1148 2780 mihi
1168 2714 1285 2780 videor.
1328 2714 1464 2780 Transeo

223 2841 304 2886 nunc
332 2820 375 2885 ad
400 2819 629 2906 Volquardseni
658 2821 869 2885 coniecturam
896 2842 916 2885 a
943 2818 1109 2886 Roosslero
1138 2827 1349 2889 sustentatam
1377 2822 1465 2909 quali

223 2927 425 2994 fundamento
459 2931 579 2994 nitatur
610 2930 785 2994 accuratius
812 2928 1044 3014 inquirendam,
1080 2951 1143 3016 qua
1171 2932 1203 2995 in
1231 2952 1279 3011 re,
1307 2939 1386 2997 'curn
1426 2932 1465 2996 de

224 3035 358 3102 aliarum
386 3059 508 3124 quoque
532 3038 680 3104 Diodorei
708 3037 729 3103 l.
754 3037 830 3102 XVI
859 3039 998 3123 partium
1026 3038 1165 3104 fontibus
1188 3037 1388 3104 iudicandum
1412 3042 1463 3121 sit,

224 3165 331 3211 omnes
354 3149 491 3212 monitos
514 3167 583 3212 osse
606 3145 694 3227 uolo,
723 3149 923 3232 quaestiones
946 3167 1001 3211 eas
1035 3167 1114 3231 quas
1143 3149 1299 3229 attingam
1328 3167 1365 3211 er
1395 3168 1466 3211 mea

224 3255 382 3318 sententia
404 3256 469 3319 iarn
492 3255 634 3322 hocloco
651 3255 692 3320 ad
708 3256 802 3320 finem
818 3255 987 3341 perducere
1003 3276 1064 3321 non
1081 3255 1157 3320 mihi
1175 3256 1370 3341 propositum
1387 3276 1463 3320 esse.

315 3360 456 3428 Coniocit
483 3364 532 3428 uir
559 3361 757 3429 doctissimus
767 3364 807 3448 ¹),
843 3361 947 3430 colore
978 3365 1168 3428 narrationis
1204 3383 1273 3449 opp.
1313 3364 1464 3443 28-40,

226 3470 358 3535 56-64
383 3469 514 3536 eundem
539 3469 670 3536 indicari
694 3475 863 3551 auctorem,
888 3473 937 3537 oui
960 3472 1099 3536 narratio
1124 3473 1164 3556 (c.
1191 3472 1248 3556 78)
1273 3469 1311 3536 de
1336 3470 1466 3536 Thrasio

225 3576 327 3643 milite
356 3578 504 3665 Delphici
531 3577 644 3664 templi
673 3578 871 3664 spoliationis
902 3581 1055 3666 participe
1088 3578 1267 3660 deberetur,
1304 3578 1467 3644 Timaeum

226 3685 535 3769 Tauromenitanum,
572 3708 666 3773 quem
701 3688 808 3773 paucis
841 3684 919 3751 locis
948 3688 1085 3772 exceptis
1113 3689 1145 3751 in
1173 3686 1262 3752 libris
1289 3685 1467 3751 XI—XVI

225 3797 349 3861 unicum
374 3795 511 3861 Diodoro
528 3794 704 3861 Sicularum
727 3815 831 3859 rerum
855 3797 1014 3859 auctorem
1038 3780 1134 3859 fuisse
1158 3795 1274 3859 eruisse
1298 3794 1359 3858 sibi
1382 3795 1467 3859 visus

227 3906 285 3982 est,
311 3924 405 3987 quam
428 3907 618 3969 sententiam
634 3903 695 3969 Ad.
713 3901 845 3987 Holm2)
862 3903 982 3988 primus
997 3903 1045 3967 ita
1060 3902 1266 3989 impugnavit,
1291 3905 1327 3967 ut
1342 3906 1468 3988 praeter

176 4048 180 4051 ν
227 4008 388 4074 Timaeum
412 4010 492 4077 alios
515 4033 637 4098 quoque
661 4012 826 4077 historicos
850 4033 871 4075 a
886 4010 1024 4077 Diodoro
1048 4016 1214 4098 usurpatos
1238 4031 1306 4077 esse
1323 4010 1468 4094 diligenti

227 4120 415 4204 scriptorum
439 4123 671 4206 comparatione
695 4141 765 4186 cum
793 4120 825 4185 in
853 4118 984 4206 reliquis
1011 4120 1155 4206 partibus
1183 4125 1252 4184 tum
1280 4122 1313 4183 in
1340 4139 1379 4184 ea
1405 4138 1469 4205 qua

304 4391 312 4423 1

303 4392 324 4552 'l
343 4393 505 4539 lloslchlchte
519 4484 641 4539 Siciliane
661 4485 697 4537 im
711 4484 876 4549 Alterthum‚
896 4481 1016 4551 10870)
1035 4501 1062 4552 p.
1082 4483 1144 4551 316,
1163 4485 1190 4537 Π
1202 4482 1296 4550 (1876)
1316 4483 1468 4541 aro-382.
1514 4520 1519 4531 ·

230 4576 268 4633 Ol.
290 4577 370 4631 etiam
389 4576 531 4641 Broccher,
551 4576 794 4650 Untersuchungen
814 4576 881 4630 iiber
899 4575 1007 4631 Diodor.
1048 4574 1127 4630 1879.
1154 4592 1190 4643 p.
1211 4574 1245 4629 21
1265 4590 1306 4648 sq.
