3442 5134
734 374 774 382 ,-
823 335 955 401 23*-

225 515 420 583 Philomelus
434 516 623 604 Delphicum
638 514 793 602 templum
809 514 961 600 spoliavit
977 515 1030 600 (of.
1048 513 1140 579 Diod.
1158 536 1184 580 o.
1203 517 1276 600 30);
1294 517 1349 582 sed
1365 517 1465 583 multo

225 626 353 691 maioris
365 626 518 691 momenti
530 628 588 705 est,
605 623 689 710 quod
699 621 871 689 Plutarcho
884 621 936 688 vel
947 621 1075 710 Timaeo
1091 627 1218 690 auctore
1228 645 1245 690 e
1257 623 1465 694 Phocensium

225 732 338 799 ducum
361 732 516 801 militibus
540 753 651 801 manus
671 731 827 817 quaedam
844 751 1049 798 -numerus
1070 752 1132 797 non
1148 732 1283 801 traditur
1300 757 1466 822 -super-

226 847 305 922 erat,
330 840 461 907 Diodori
484 844 590 907 autem
602 841 708 923 verba,
726 843 772 907 ita
788 843 822 907 ut
838 844 958 921 extant,
984 842 1174 907 contrarium
1190 843 1293 927 ipsum
1308 846 1467 910 testantur

227 950 296 1034 (78,
321 951 372 1034 4):
403 953 464 1015 τῶν
487 950 550 1036 γὰρ
571 950 679 1017 ἄλλων
702 949 816 1029 σχεδὸν
838 950 997 1015 ἁπάντων
1021 954 1082 1014 τῶν
1104 951 1328 1032 μετασχόντων
1352 956 1403 1036 τῆς
1423 956 1462 1028 εἰ,

227 1059 261 1122 τὸ
272 1069 422 1140 μαντεῖον
438 1064 642 1144 παρανομίας
658 1059 847 1139 τετευχότων
863 1057 928 1122 ὑπὸ
945 1060 1000 1122 τοῦ
1014 1057 1179 1139 δαιμονίαν
1192 1062 1243 1143 τῆς
1255 1061 1467 1146 προςηκούσης

226 1171 384 1252 τιμωρίας,
400 1206 442 1216 -
458 1165 575 1249 μόνος
598 1164 706 1241 οὗτος
721 1167 922 1252 διαλεληθώς
939 1167 973 1230 τὸ
989 1166 1163 1230 deterreat.
1203 1165 1323 1233 Eodem
1338 1167 1465 1234 Timaeo

225 1277 379 1341 communi
409 1275 495 1341 fonte
530 1274 703 1341 Diodorum
731 1278 765 1341 et
786 1273 992 1341 Plutarchum
1020 1294 1094 1340 usos
1121 1295 1189 1340 esse
1222 1276 1274 1340 vix
1299 1277 1466 1362 quisquam

225 1383 405 1465 contendet,
426 1404 525 1470 neque
542 1382 781 1471 Timaeumalio
805 1382 873 1458 loco
895 1382 981 1449 aliud
1002 1383 1117 1449 dixisse
1134 1404 1233 1468 neque
1249 1382 1465 1467 Plutarchum,

224 1492 252 1559 si
264 1496 372 1559 auctor
383 1493 450 1558 eius
463 1492 629 1558 Thrasium
641 1490 743 1557 solum
755 1490 913 1573 sacrilegii
924 1492 1112 1577 participem
1124 1491 1219 1557 fuisse
1232 1491 1372 1574 dixisset,
1386 1492 1466 1560 illud

225 1599 263 1666 de
279 1599 431 1686 Euthymi
455 1599 609 1665 militibus
633 1600 759 1665 finxisse
784 1597 933 1665 credibile
954 1601 1011 1664 est.
1051 1596 1139 1665 Paok
1155 1620 1217 1665 non
1232 1598 1395 1666 Plutarchi
1411 1600 1467 1666 sed

225 1706 369 1787 Diodori,
406 1728 487 1792 quae
516 1706 684 1788 eiusmodi,
719 1706 822 1793 qualis
846 1704 1083 1793 Volquardseno
1106 1709 1192 1773 visus
1220 1712 1283 1789 est,
1319 1707 1465 1791 religioso

226 1817 345 1881 auctori
368 1835 430 1881 non
454 1816 663 1895 convenirent,
689 1815 793 1882 verbis
817 1817 886 1901 (82,
912 1818 931 1879 2
949 1801 1005 1881 cll.
1023 1813 1108 1881 Plut.
1127 1817 1185 1901 30)
1202 1820 1376 1882 commotus
1391 1815 1467 1882 Dio

225 1922 336 1989 dorum
359 1923 439 1989 nihil
463 1923 550 1991 aliud
574 1945 590 1989 e
614 1924 700 1990 fonte
723 1944 779 1990 suo
802 1924 974 2010 sumpsisse
998 1945 1093 2010 quam
1109 1923 1233 1990 Thrasii
1257 1925 1347 1990 unius
1367 1926 1467 1990 cuius-

225 2031 299 2097 dam
323 2051 340 2096 e
364 2030 576 2097 Phocensihus
599 2033 799 2101 mercenariis
822 2033 998 2118 inceptum,
1027 2031 1150 2117 reliqua
1172 2032 1210 2098 de
1237 2053 1293 2099 suo
1322 2033 1466 2100 intulisse

224 2141 351 2220 statuit3
389 2138 445 2206 sed
474 2138 747 2206 vehementissime
771 2143 898 2207 erravit.
951 2139 1003 2205 Ab
1034 2163 1093 2206 usu
1126 2142 1309 2226 rationeque
1336 2141 1467 2208 Diodori

224 2268 447 2335 usquequaque
481 2248 644 2331 abhorret,
680 2248 732 2315 vel
767 2253 931 2315 auctorum
965 2270 1092 2324 suorum
1125 2249 1295 2317 relationes
1326 2250 1467 2317 consulto

225 2360 347 2423 mutare
364 2356 416 2423 vel
432 2356 536 2423 aliena
551 2359 590 2424 iis
606 2360 791 2429 immiscere.
829 2356 919 2435 Quod
930 2356 1147 2444 Volquardsen
1159 2378 1281 2445 quoque
1293 2358 1467 2442 neglexisse

225 2465 304 2530 mihi
327 2464 464 2548 videtur,
490 2486 560 2533 cum
584 2466 757 2533 Diodorum
781 2469 813 2532 et
836 2464 1041 2533 Plutarchum
1065 2467 1097 2533 in
1121 2468 1264 2534 omnibus
1287 2468 1353 2534 fere
1375 2467 1468 2534 rebus

225 2573 431 2641 Timoleontis
454 2574 636 2642 enarrandis
660 2575 788 2640 Timaeo
813 2577 970 2642 communi
993 2579 1119 2642 auctore
1143 2597 1215 2642 usos
1239 2597 1307 2642 csse
1331 2597 1401 2642 cum
1429 2578 1468 2642 iis

226 2702 306 2766 quae
335 2682 374 2749 de
402 2683 531 2768 reliquis
554 2682 685 2748 Diodori
708 2681 799 2749 libris
822 2684 940 2750 eruisse
964 2684 1024 2750 sibi
1059 2685 1144 2753 visus
1173 2688 1222 2750 est
1249 2687 1469 2751 convenienter

227 2791 399 2872 contendit,
423 2794 517 2876 atque
541 2790 625 2856 idem
648 2790 828 2858 Nissenium
841 2792 865 2875 ¹)
889 2792 1010 2873 attulit,
1034 2793 1088 2878 qui
1111 2791 1284 2859 Diodorum
1307 2795 1339 2858 in
1362 2792 1397 2858 ll.
1425 2795 1467 2859 28

227 2900 315 2964 -32
340 2897 508 2984 Polybium
532 2900 649 2985 partim
673 2899 713 2965 ad
737 2899 867 2966 verbum
890 2899 1101 2981 transtulisse,
1125 2901 1243 2986 partim
1266 2903 1467 2986 excerpsisse,

88 3056 91 3065 .
224 3005 305 3072 nihil
328 3010 434 3072 autem
458 3007 600 3073 consulto
625 3010 867 3074 commutavisse
891 3008 1124 3074 evidentissime
1144 3007 1385 3074 domonstravit!
1426 3007 1469 3074 Ut

225 3115 321 3197 igitur
348 3114 497 3181 iudicium
526 3115 564 3181 de
593 3137 618 3182 c.
650 3118 669 3180 7
673 3119 692 3182 8
722 3115 958 3183 narratiuncula
982 3115 1110 3181 Timaeo
1139 3115 1347 3182 abiudioanda
1374 3137 1469 3202 supra

225 3224 462 3307 pronuntiatum
485 3245 580 3308 quam
605 3224 672 3289 fieri
693 3228 798 3310 potest
814 3224 1039 3305 commendem,
1064 3224 1186 3310 reliqua
1200 3244 1322 3310 quoque
1338 3223 1468 3290 Diodori

225 3332 332 3416 capita
355 3330 396 3396 ad
412 3329 618 3397 Timoleontis
641 3332 806 3399 historiam
830 3335 1021 3418 pertinentia
1044 3353 1245 3419 peragramus
1265 3353 1391 3398 neccsse
1408 3335 1466 3413 est,

224 3460 305 3524 quae
328 3460 520 3525 quamquam
543 3440 652 3506 multis
676 3442 708 3505 in
732 3441 824 3508 rebus
847 3461 919 3507 cum
941 3438 1113 3507 Plutarcho
1137 3440 1178 3506 ad
1201 3460 1396 3509 communem
1419 3461 1468 3506 re·

223 3544 376 3613 lationem
403 3567 461 3613 nos
489 3547 601 3614 ducere
630 3548 776 3615 videntur
809 3552 918 3614 temen
946 3569 1096 3635 persaepe
1125 3548 1177 3614 vel
1218 3547 1299 3614 alias
1331 3569 1381 3614 res
1416 3548 1468 3614 vel

224 3655 344 3721 similes
361 3655 468 3722 ordine
484 3658 599 3723 mirum
615 3659 648 3723 in
663 3657 791 3723 modum
806 3657 991 3743 perturbato
1008 3662 1103 3743 atque
1120 3659 1275 3742 permixto
1296 3658 1465 3723 continent.

224 3761 332 3848 Atque
355 3765 387 3828 in
410 3766 510 3830 tantis
532 3764 752 3851 discrepantiis
775 3787 814 3832 ne
837 3763 1058 3852 Volquardsen
1079 3764 1206 3852 quidem
1233 3765 1335 3830 lacere
1364 3766 1469 3850 potuit

225 3871 301 3956 quin
324 3891 350 3936 o.
377 3872 419 3936 65
444 3870 572 3939 Timaeo
596 3872 804 3955 abiudiccret,
833 3873 916 3960 quod
940 3894 1001 3960 quo
1024 3876 1091 3939 iure
1126 3873 1234 3939 fecerit
1265 3872 1389 3958 plenius
1415 3893 1468 3937 ex-

224 3997 340 4064 ponere
363 3999 426 4045 non
449 4001 526 4067 opus
549 3985 606 4048 est.
655 3981 719 4048 Sed
741 3980 973 4068 discrepantiae
997 4003 1017 4048 a
1039 3981 1121 4048 doct.
1146 3983 1204 4046 vir.
1220 3985 1361 4047 ‘notatae
1390 3980 1468 4047 duas

224 4084 450 4153 aliasminime
473 4089 683 4174 neglegendas
707 4089 797 4156 addo.
839 4088 900 4156 Vix
924 4091 1008 4156 enim
1031 4110 1106 4155 casu
1129 4090 1249 4155 factum
1272 4092 1331 4169 est,
1355 4094 1392 4155 ut
1414 4091 1467 4156 iis-

224 4193 297 4260 dem
325 4195 357 4260 in
385 4194 462 4262 locis
490 4219 511 4262 a
531 4198 669 4265 Diodoro
699 4202 732 4264 et
759 4196 972 4264 aPlutarcho
1001 4197 1041 4264 ab
1065 4197 1128 4263 alio
1152 4197 1238 4264 aliud
1262 4195 1467 4265 Timoleontis

224 4304 326 4391 patris
349 4326 463 4372 nomen
486 4306 645 4390 tradatur,
674 4329 694 4372 a
717 4305 855 4373 Diodoro
880 4304 1055 4375 Timaeneti
1079 4309 1119 4396 (c.
1146 4308 1204 4389 65,
1229 4308 1264 4391 23
1290 4308 1348 4390 90,
1375 4308 1424 4394 l),
1448 4329 1469 4373 a

297 4540 318 4611 ¹)
337 4545 406 4601 Krit.
426 4544 586 4601 Untersuch.
606 4561 633 4615 p.
656 4543 708 4597 110
726 4559 767 4617 sq.
