3442 5134
774 333 908 423 ...¹20
955 395 997 406 ..

267 577 308 589 ·-
333 561 395 606 uon
418 535 520 605 solum
543 559 568 605 c.
596 540 681 617 30‚1
706 539 802 606 verba
824 544 1016 626 repugnant,
1033 539 1088 606 sed
1112 540 1380 615 etiamSohaeferi
1402 538 1461 607 illa
1484 563 1504 607 a

265 646 384 713 Packio
409 646 561 734 adoptata
584 649 802 735 interpretatio
827 652 936 735 (supra
958 670 988 735 p.
1015 651 1060 735 7).

235 842 237 845 ι
356 755 484 821 Minime
513 777 586 822 uero
614 757 647 822 in
675 759 779 822 animo
802 756 881 822 mihi
910 762 959 823 est
986 756 1120 824 illama
1153 778 1204 823 me
1228 762 1365 844 positam
1388 759 1504 825 Demo-

265 863 346 950 phili
368 885 476 930 veram
500 866 594 932 fuisse
618 867 808 932 sententiam
831 886 888 952 pro
912 870 997 932 certo
1021 870 1169 947 statuere,
1195 866 1249 932 sed
1265 869 1297 932 in
1313 871 1381 932 tam
1396 868 1504 954 paucis

209 1061 212 1065 .
266 971 407 1058 reliquiis
430 972 505 1059 quid
528 972 615 1039 aliud
637 972 833 1059 relinquitur,
858 994 954 1059 quam
976 977 1013 1039 ut
1035 977 1187 1059 quantum
1211 974 1278 1039 fieri
1302 978 1408 1060 potest
1442 973 1504 1041 dis-

266 1100 375 1165 persas
402 1102 452 1147 res
480 1083 717 1164 coniungamus,
750 1103 845 1147 unam
873 1066 1060 1147 relationem
1089 1102 1273 1168 componere
1302 1082 1503 1149 studeamus?

266 1186 335 1265 Qua
362 1190 394 1254 in
422 1211 455 1255 re
483 1211 654 1275 numquam
682 1188 928 1255 obliviscendum
957 1194 1007 1255 est
1034 1189 1217 1276 Demophili
1249 1190 1347 1255 uerba
1385 1211 1447 1256 nou
1471 1192 1504 1256 in

266 1298 364 1382 ipsius
391 1298 579 1364 narrationis
607 1301 755 1363 contextu
778 1302 899 1379 extare,
929 1297 985 1364 sed
1008 1298 1050 1364 ab
1071 1297 1236 1365 Athenaeo
1259 1305 1421 1386 excerpta,
1451 1302 1504 1386 qui

267 1409 386 1490 quanta
414 1402 483 1472 curh
512 1405 572 1471 fide
600 1426 639 1472 ea
665 1406 875 1493 desumpserit
902 1407 974 1473 sciri
1001 1405 1064 1472 non
1091 1411 1218 1493 potest3v
1238 1427 1279 1472 ne
1311 1406 1344 1472 id
1378 1406 1503 1493 quidem

267 1516 405 1593 constat,
441 1513 538 1578 verba
565 1513 747 1600 Demophili
774 1519 881 1580 utrum
909 1515 1070 1590 αδιολεξεὶ
1097 1536 1138 1581 au
1165 1517 1347 1582 summatim
1381 1515 1504 1581 reddita

267 1622 340 1701 sint,
364 1641 556 1707 quamquam
571 1619 690 1688 Paekio
707 1622 905 1709 exploratum
926 1627 975 1689 est
997 1622 1094 1688 verba
1115 1643 1178 1688 non
1200 1625 1282 1686 κατὰ
1306 1624 1392 1699 λέξιν
1414 1623 1504 1689 nobis

267 1730 393 1793 servata
416 1748 492 1794 esse.
534 1728 620 1807 Quae
643 1731 671 1796 si
694 1732 799 1795 omnia
814 1729 1079 1796 considerabimus
1095 1730 1302 1810 similitudini,
1327 1752 1407 1817 quae
1423 1733 1505 1796 inter

266 1834 475 1922 Demophilea
502 1837 598 1903 verba
626 1836 861 1903 etDiodoream
889 1839 1100 1904 narrationem
1129 1841 1169 1926 (c.
1201 1841 1258 1920 64,
1279 1839 1312 1924 2)
1339 1838 1505 1905 intercedit

268 1943 306 2009 de
333 1945 480 2012 uxoribus
503 1944 711 2013 Phocensium
738 1945 865 2027 ducum,
896 1966 966 2012 cum
990 1944 1228 2032 Volquardseno
1240 1948 1263 2031 ¹)
1291 1966 1353 2011 non
1380 1950 1504 2013 tantum

268 2051 412 2138 ponderis
435 2053 608 2119 tribuemus
632 2058 784 2139 quantum
807 2051 895 2119 Pack
918 2059 951 2119 et
973 2052 1124 2136 Roesiger
1146 2053 1367 2139 tribuerunt2).

359 2160 408 2227 De
432 2160 495 2227 alio
517 2160 725 2247 Demophileo
749 2162 925 2244 fragmento
950 2159 1068 2246 (Schol.
1094 2158 1172 2226 Ven.
1198 2160 1236 2226 Il.
1261 2160 1351 2241 XIII,
1378 2163 1504 2246 301)³),

268 2268 350 2355 quod
378 2270 456 2335 item
477 2267 566 2335 Pack
593 2272 626 2335 in
653 2291 744 2335 usum
766 2270 907 2351 vocavit,
937 2267 1053 2334 diutius
1076 2268 1236 2355 disputare
1259 2289 1321 2334 non
1346 2289 1422 2354 opus
1446 2273 1504 2334 est.

267 2375 314 2442 At
335 2377 586 2460 δεισιδαιμονίαν
608 2397 645 2443 ac
668 2379 821 2463 pietatem
843 2397 992 2460 magnam
1009 2375 1192 2462 Demophili
1215 2377 1375 2462 propriam
1399 2376 1504 2459 fuisse,

266 2482 354 2551 Pack
370 2485 496 2551 statuit!
536 2484 599 2551 Sed
615 2489 800 2568 argumenta
815 2505 896 2571 quae
912 2483 1045 2571 protulit
1063 2483 1154 2550 nulla
1174 2489 1261 2566 sunt3
1286 2505 1386 2571 neque
1409 2484 1507 2551 verba

267 2614 362 2679 supra
384 2597 523 2659 tractata
552 2596 656 2680 (14,3
683 2597 740 2668 ἕως
757 2596 809 2678 τῆς
837 2594 969 2677 φθορᾶς
997 2596 1059 2656 τῶν
1086 2593 1339 2675 διανειμαμένων
1368 2594 1408 2656 τὰ
1436 2591 1505 2677 ἱερὰ

267 2699 411 2788 χρήματα
419 2702 462 2786 ⁴))
490 2700 542 2767 vel
569 2700 645 2766 belli
672 2705 709 2767 ut
737 2702 818 2767 sacri
846 2698 1020 2786 appellatio
1048 2699 1087 2765 de
1115 2698 1218 2767 colore
1243 2699 1296 2766 vel
1319 2701 1444 2766 omnino
1467 2699 1506 2765 de

267 2807 422 2874 scribendi
446 2809 512 2874 eius
534 2828 647 2892 genere
670 2808 746 2895 quid
768 2807 908 2874 indicant
930 2828 1031 2894 neque
1054 2808 1126 2874 inde
1150 2808 1233 2894 quod
1261 2830 1340 2895 opus
1368 2830 1387 2873 a
1415 2811 1506 2895 patro

266 2914 413 2982 relictum
435 2915 606 3003 supplevit,
631 2916 759 2983 sublimi
781 2917 901 3002 pietate
924 2937 996 2982 eum
1019 2917 1113 2983 inisse
1137 2916 1244 3000 colligi
1266 2908 1436 3003 potestl).¹

358 3024 420 3090 Sed
436 3023 523 3091 Pack
538 3024 722 3112 Demophili
734 3026 868 3107 vestigia
883 3023 968 3111 apud
983 3024 1156 3091 Diodorum
1171 3026 1340 3111 aperuisse,
1357 3045 1505 3107 magnam

267 3131 441 3198 Diodoreae
454 3132 531 3198 belli
543 3133 732 3198 narrationis
744 3136 869 3219 partem
880 3131 1069 3220 Demophilo
1082 3133 1275 3200 adiudicasse
1287 3154 1350 3200 non
1360 3136 1439 3199 satis
1449 3133 1506 3198 ha

268 3239 345 3321 buit,
359 3241 414 3307 sed
425 3243 523 3308 etiam
532 3241 706 3308 Pausaniae
716 3238 755 3323 X,
771 3244 790 3306 2
805 3242 1023 3308 brevissimam
1031 3240 1178 3308 Phocaici
1190 3241 1267 3307 belli
1279 3243 1505 3327 expositionem

268 3354 573 3436 maximampartem
586 3349 863 3436 adDemophilum
874 3349 976 3415 redire
988 3349 1049 3415 sibi
1061 3351 1225 3435 persuasit.
1263 3347 1331 3426 Qua
1342 3351 1374 3414 in
1385 3349 1505 3414 lubrica

268 3460 320 3523 via
331 3479 403 3524 eum
415 3461 503 3544 sequi
513 3479 576 3524 non
588 3479 666 3545 opus
678 3464 736 3540 est,
753 3477 911 3544 perpauca
922 3457 963 3522 ad
975 3459 1183 3524 coniecturam
1200 3457 1291 3522 illam
1307 3456 1505 3523 refutandam

267 3569 345 3632 satis
369 3571 469 3632 erunt.
515 3564 721 3649 Pausaniam,
745 3567 798 3652 qui
822 3570 975 3652 quantum
999 3565 1039 3630 ab
1063 3563 1136 3630 aliis
1159 3565 1328 3647 audiverit,
1353 3568 1505 3651 quantum

267 3787 482 3796 ---.-

343 3927 362 3995 ¹)
380 3947 407 3999 p.
429 3930 488 3985 113.

339 4017 361 4086 ²)
381 4020 492 4075 Diodori
509 4018 591 4073 verba
608 4020 797 4089 Demophilum
815 4022 927 4089 propius
947 4020 1072 4075 accedere
1091 4035 1173 4088 quam
1192 4020 1375 4088 Phylarchum
1395 4018 1438 4085 (fr.
1459 4016 1505 4084 60)

266 4114 378 4179 planum
404 4114 452 4165 eet.
491 4110 615 4163 Ceterum
634 4110 777 4178 Phylarehi
803 4111 884 4164 verba
902 4111 1068 4178 Theopompi
1092 4110 1207 4178 vestigia
1230 4125 1349 4178 premere
1368 4109 1505 4163 videntur.

267 4199 379 4270 (Theop.
398 4202 429 4254 fr.
452 4198 523 4265 182.)

339 4288 749 4360 &mmmhaffiffi

338 4379 361 4448 ⁴)
375 4383 503 4455 χρήματα
531 4381 581 4436 hoe
609 4382 668 4436 loco
703 4382 731 4435 iu
761 4383 917 4436 universum
941 4382 1077 4450 Apollinis
1104 4382 1223 4452 κτήματα
1252 4378 1404 4450 significare
1428 4396 1506 4435 nemo

267 4489 321 4528 non
340 4474 421 4529 videt.
1117 4530 1119 4536 ,

340 4571 362 4638 ³)
382 4566 506 4624 Roessler
523 4581 550 4632 p.
569 4563 613 4617 49.
652 4562 850 4632 volquardsem
869 4564 993 4621 Jahresb.
1013 4564 1064 4618 VII
1081 4579 1109 4631 p.
1128 4562 1189 4617 402.
