3442 5134
732 333 932 430 ..ρ’-

213 543 313 627 detur,
338 542 414 631 quid
437 546 503 611 eius
526 545 679 626 interfirit,
703 542 918 610 Philomelam
934 548 1002 610 tam
1017 543 1134 613 diserte
1149 544 1307 628 sacrilegii
1323 545 1452 611 crimine

212 652 361 739 purgari?
412 651 499 718 Talis
528 655 636 719 auctor
663 651 747 719 haud
775 651 868 717 dubio
895 649 1122 735 Philomelam,
1152 653 1278 718 etiamsi
1305 654 1452 739 pecunias

212 763 374 827 mutuatus
398 764 491 842 osset,
515 781 578 827 non
598 760 776 847 spoliasset,
800 761 833 825 in
848 754 1017 846 ἱεροσύλων
1031 780 1159 826 nurnero
1174 759 1368 847 protulisset.
1406 760 1453 827 At

213 869 364 956 spoliauit
385 867 582 935 Philomelus
604 867 760 954 templum
784 888 824 934 er
846 866 1001 950 eiusdem,
1030 873 1066 934 ut
1088 866 1154 934 illis
1166 871 1189 954 ¹)
1214 870 1290 935 viris
1318 868 1451 952 videtur,

213 979 349 1044 auctoris
377 979 535 1044 sententia
563 980 604 1064 (c.
636 976 762 1062 32,1)!
816 975 925 1042 Omnis
961 996 1034 1042 vero
1069 976 1225 1042 dubitatio
1261 976 1299 1042 de
1334 976 1453 1043 duobus

213 1085 391 1151 auctoribus
415 1084 598 1167 aDiodoro,
623 1085 687 1152 alio
710 1085 743 1151 in
766 1106 792 1152 o.
813 1086 957 1167 28-30,
982 1084 1045 1150 alio
1068 1087 1101 1151 in
1125 1106 1150 1150 c.
1177 1088 1231 1168 56,
1248 1092 1276 1163 5,
1302 1084 1453 1151 adhibitis

211 1192 366 1279 reliquam
390 1212 416 1259 o.
440 1194 482 1258 56
506 1196 629 1279 partem
652 1193 824 1279 inquirenti
846 1192 997 1259 radicitus
1021 1194 1185 1259 excutitur.
1232 1191 1342 1277 Pergit
1369 1194 1452 1258 enim

211 1300 368 1367 Diodorus
384 1301 417 1365 in
432 1300 606 1385 sacrilegiis
621 1299 829 1368 Phocensium
846 1301 1065 1368 enumerandis
1081 1304 1176 1388 atque
1194 1300 1232 1367 de
1245 1301 1451 1383 Onomarcho,

211 1430 306 1496 quem
329 1409 459 1475 fratrem
479 1407 650 1475 Philomeli
672 1408 754 1475 falso
778 1408 937 1495 appellat,
962 1408 1040 1475 haec
1064 1407 1169 1474 affert:
1198 1408 1216 1472 ὁ
1241 1409 1276 1472 δὲ
1299 1409 1454 1496 δεύτερος,

211 1518 522 1605 προςοιγορευάμενος
536 1518 594 1600 μὲν
610 1518 814 1602 Ὀνόμαρχος,
836 1517 978 1600 άδελφός
992 1517 1023 1581 δ’
1038 1515 1084 1581 ιῦν
1102 1517 1297 1601 Φιλομήλου,
1319 1518 1453 1581 πλεῖστα

212 1630 274 1690 τῶν
297 1628 352 1692 τοῦ
375 1627 457 1690 θεοῦ
479 1625 652 1709 χρημάτων
674 1625 963 1710 κοτεδαπάνησεῖ).
1004 1623 1052 1689 Do
1076 1622 1186 1689 eodem
1203 1623 1399 1691 Onomarcho
1419 1626 1453 1689 in

210 1738 364 1821 perpetua
379 1732 457 1799 belli
473 1732 652 1798 narratione
668 1731 745 1798 haec
764 1730 926 1815 leguntur:
957 1752 983 1798 o.
1005 1733 1094 1814 33,2
1116 1733 1150 1795 ἐκ
1172 1732 1231 1815 μὲν
1255 1734 1309 1797 τοῦ
1331 1733 1452 1813 χαλκοῦ

211 1842 263 1904 καὶ
291 1841 420 1927 σιδήρου
447 1838 676 1906 κατεσκεύασεν
701 1835 814 1904 ὅπλων
841 1841 988 1924 πλῆθος,
1015 1840 1049 1902 ἐκ
1076 1839 1111 1903 δὲ
1140 1842 1194 1904 τοῦ
1222 1839 1372 1925 ἀργυρίου
1400 1843 1453 1906 καὶ

210 1954 338 2034 χρυσίου
362 1947 499 2030 νόμισμα
521 1947 722 2034 superfessa
745 1971 777 2010 τε
804 1946 1043 2029 σομμαχούσοας
1065 1947 1199 2011 πόλεσιν
1221 1948 1357 2013 διεδίδου
1380 1950 1446 2014 κτλ.

211 2055 294 2134 Quos
322 2055 400 2123 duos
427 2056 514 2122 locos
540 2054 695 2142 quomodo
719 2053 938 2142 Volquardsen
961 2059 995 2120 et
1016 2053 1105 2122 Pack
1128 2055 1230 2121 eidem
1253 2057 1373 2123 auctori
1395 2057 1452 2122 tri-

210 2163 304 2229 buere
332 2164 506 2249 potuerint,
535 2183 597 2229 non
625 2183 789 2250 assequor3
818 2167 886 2229 tarn
914 2164 1063 2231 contrarii
1091 2163 1151 2229 sibi
1179 2168 1265 2245 sunt,
1297 2166 1333 2228 ut
1361 2163 1453 2250 plura

211 2270 309 2338 verba
336 2270 374 2336 de
402 2272 441 2337 iis
469 2271 573 2338 faeere
602 2271 666 2337 iarn
690 2291 754 2338 non
777 2292 854 2358 opus
878 2273 935 2353 sit,
963 2293 1038 2337 narn
1061 2270 1100 2337 de
1123 2270 1233 2337 eodem
1257 2270 1451 2338 Onomarcho

212 2378 345 2445 eundern
368 2385 528 2445 auctorem
551 2377 616 2445 alio
644 2379 713 2446 loco
742 2378 829 2446 aliud
857 2379 1028 2462 iudicasse,
1057 2380 1127 2466 quis
1155 2379 1216 2445 sibi
1243 2379 1451 2466 persuadeat?

210 2486 259 2552 De
286 2484 439 2573 Phayllo,
469 2486 658 2556 Onomarohi
685 2490 798 2573 fratre,
828 2489 907 2557 haec
933 2490 967 2556 in
994 2510 1020 2556 o.
1051 2490 1094 2553 56
1122 2490 1246 2554 extant:
1289 2494 1388 2574 τρίτος
1417 2490 1453 2553 δὲ

214 2595 362 2669 Φάυλλος
384 2593 401 2662 ὁ
424 2595 566 2679 ἀδελφὸς
583 2597 781 2683 Ὀνομάρχου
804 2598 1019 2683 στρατηγήσας
1042 2594 1102 2665 οῦκ,
1120 2597 1215 2675 α’λλχα
1238 2600 1299 2660 τῶν
1319 2596 1452 2683 ἀναθη-

210 2704 321 2785 μάτων
343 2709 521 2790 κατέκοψεν
544 2706 588 2777 aa
612 2705 668 2777 τάς
691 2707 754 2767 τάν
776 2707 876 2779 ξένων
897 2706 1114 2790 μισθοφορὰς,
1136 2704 1249 2791 quibus
1269 2724 1332 2770 non
1347 2704 1453 2771 aliena

211 2815 284 2877 sunt
306 2832 386 2897 quae
410 2810 448 2877 de
472 2809 582 2876 eodem
605 2815 638 2876 et
661 2830 687 2876 e.
713 2812 800 2893 36,1
825 2816 858 2877 et
881 2831 907 2878 c.
933 2813 1022 2894 37st
1045 2811 1202 2878 dicuntur:
1238 2812 1452 2896 salutamen

211 2917 309 3004 ε”κοψε
324 2922 462 3005 χρυσοῦν
478 2919 579 2982 τεκαὶ
601 2917 777 3006 άρχυροῦνς
805 2921 903 3001 37,2
930 2919 1012 3000 ἔχων
1037 2920 1099 3006 γάρ
1126 2921 1296 3005 χρημάτων
1324 2922 1453 3006 πλῆθος

210 3027 418 3091 ἀνέκλειπτον
446 3067 488 3076 --
519 3030 554 3117 τῇ
581 3027 643 3114 γάρ
671 3026 825 3111 ἀφθονίᾳ
855 3032 917 3091 τῶν
944 3029 1114 3115 χρημάτων
1141 3027 1258 3114 άνέδην
1282 3029 1453 3113 χρώμενος,

210 3156 290 3220 quae
318 3134 379 3200 duo
407 3136 515 3221 capita
542 3134 673 3202 diversis
702 3136 841 3202 fontibus
870 3156 940 3202 cum
969 3132 1087 3202 Paokio
1115 3135 1296 3218 assignandi
1331 3134 1452 3200 nullam

210 3263 278 3309 esse
302 3242 496 3328 probabilem
519 3263 646 3309 oausam
663 3243 746 3309 infra
760 3242 946 3309 uidebimns.
986 3242 1049 3309 Sed
1065 3243 1163 3308 nihilo
1180 3244 1283 3308 minus
1300 3244 1452 3327 originem

210 3372 230 3416 a
258 3370 325 3437 cap.
357 3353 454 3433 56,5
482 3350 639 3416 diversam
667 3372 705 3417 ea
731 3352 866 3419 traxisse
894 3352 1004 3418 statim
1032 3352 1208 3438 apparebit.
1256 3350 1341 3429 Quae
1368 3353 1452 3417 onim

210 3480 235 3524 e.
262 3462 350 3540 56,5
374 3458 412 3524 de
427 3456 565 3544 Phayllo
589 3458 830 3545 subsequuntur,
855 3459 896 3525 ad
918 3463 1021 3552 totam
1045 3459 1126 3525 hanc
1149 3460 1366 3547 quaestionem
1389 3459 1452 3525 sol-

210 3566 343 3632 vendam
372 3566 586 3634 firmissimum
614 3566 768 3652 praebent
794 3566 1048 3650 fundamentum,
1084 3566 1167 3654 quod
1195 3568 1275 3632 miro
1304 3587 1379 3633 casu
1411 3567 1451 3633 ab

285 3748 304 3817 ¹)
324 3751 443 3805 Dubium
461 3750 515 3803 iarn
533 3753 665 3817 nonest,
685 3751 751 3820 quin
771 3752 820 3805 riri
840 3751 915 3805 docti
934 3751 1022 3806 serbis
1041 3751 1092 3805 τῶν
1110 3752 1159 3815 μὲν
1179 3753 1256 3818 ἱερῶν
1276 3752 1452 3820 ἀναθημάτων

210 3843 333 3913 dustram
351 3857 404 3894 non
424 3843 496 3895 recte
515 3842 661 3896 intellectis
680 3842 710 3895 in
729 3857 845 3896 errorem
865 3840 941 3895 ducti
960 3841 1024 3894 sint.
1058 3841 1128 3907 Quid
1145 3844 1237 3895 autem
1251 3840 1384 3894 Diodorus
1394 3836 1451 3894 'sibi

209 3932 334 3995 voluerit,
357 3931 498 3999 sequentia
515 3933 607 3999 aperte
626 3930 732 3985 docent.
771 3932 919 4001 Postquam
939 3932 1010 3985 eninr
1029 3931 1192 3984 Phalaeoum
1212 3930 1341 3997 pecunias
1361 3946 1449 3984 sacras

210 4020 312 4090 quibus
330 4019 552 4077 administrandis
571 4020 739 4075 Philomelus
758 4021 947 4090 magistratum
968 4021 1104 4091 quendam
1123 4022 1301 4089 praefecerat,
1320 4037 1401 4074 suum
1420 4021 1448 4073 in

211 4128 291 4166 usum
310 4111 439 4165 avertisse
457 4112 584 4177 narravit,
603 4126 658 4180 qua
676 4112 781 4167 ratione
800 4112 900 4182 reliqui
913 4112 1094 4166 Phocensiunr
1113 4111 1195 4165 duces
1215 4112 1353 4180 Apollinis
1372 4111 1450 4165 bouis

209 4202 252 4257 usi
264 4202 322 4255 sint
334 4201 489 4254 summatim
502 4201 613 4269 exponit
624 4204 707 4270 atque
718 4203 910 4268 Philomelam,
924 4217 1005 4272 quem
1018 4218 1049 4255 ex
1059 4201 1169 4255 Diodori
1182 4202 1301 4256 auctoris
1315 4200 1451 4255 sententia

208 4292 338 4361 pecuniae
360 4306 449 4345 sacras
474 4305 529 4344 non
553 4291 675 4359 attigisse
695 4292 761 4344 mihi
781 4294 885 4346 certum
905 4295 962 4358 est,
985 4292 1149 4365 ἀναθήματα
1167 4292 1331 4347 abstinuisse
1351 4290 1450 4344 diserte

210 4383 295 4437 affert

283 4469 304 4540 ¹)
320 4474 447 4545 χρήματα
466 4471 536 4526 nibil
555 4471 608 4526 nisi
627 4473 755 4540 pecunias
775 4489 833 4528 esse
851 4475 966 4542 planum
984 4477 1040 4541 est,
1059 4474 1092 4528 cf.
1113 4471 1161 4539 23,
1181 4471 1214 4538 3,
1233 4472 1264 4538 4;
1283 4470 1332 4535 24,
1351 4468 1381 4534 23
1405 4467 1449 4535 27,

211 4562 235 4631 3,
255 4563 286 4630 43
306 4562 350 4629 28,
370 4562 400 4631 23
419 4561 462 4629 δῦ,
484 4562 513 4629 1;
532 4561 576 4630 37,
597 4561 621 4619 2.
