<?xml version="1.0" encoding="UTF-8"?>
<!DOCTYPE html PUBLIC "-//W3C//DTD XHTML 1.0 Transitional//EN"
    "http://www.w3.org/TR/xhtml1/DTD/xhtml1-transitional.dtd">
<html xmlns="http://www.w3.org/1999/xhtml" xml:lang="en" lang="en">
 <head>
  <title>
</title>
<meta http-equiv="Content-Type" content="text/html;charset=utf-8" />
  <meta name='ocr-system' content='tesseract 3.04.00' />
  <meta name='ocr-capabilities' content='ocr_page ocr_carea ocr_par ocr_line ocrx_word'/>
</head>
<body>
  <div class='ocr_page' id='page_1' title='image "./defontibusdemos01sturgoog_0048.png"; bbox 0 0 3442 5134; ppageno 0'>
   <div class='ocr_carea' id='block_1_1' title="bbox 769 380 990 496">
    <p class='ocr_par' dir='ltr' id='par_1_1' title="bbox 769 380 990 496">
     <span class='ocr_line' id='line_1_1' title="bbox 769 380 990 496; baseline -0.009 -51"><span class='ocrx_word' id='word_1_1' title='bbox 769 380 830 445; x_wconf 51' lang='grc' dir='ltr'>,ς</span> <span class='ocrx_word' id='word_1_2' title='bbox 856 391 902 496; x_wconf 13' lang='grc' dir='ltr'>,4ο</span> <span class='ocrx_word' id='word_1_3' title='bbox 950 432 990 443; x_wconf 79' lang='lat'><em>-</em></span> 
     </span>
    </p>
   </div>
   <div class='ocr_carea' id='block_1_2' title="bbox 261 572 1591 4112">
    <p class='ocr_par' dir='ltr' id='par_1_2' title="bbox 261 572 1591 2175">
     <span class='ocr_line' id='line_1_2' title="bbox 261 572 1501 661; baseline -0.003 -19"><span class='ocrx_word' id='word_1_4' title='bbox 261 572 380 642; x_wconf 84' lang='lat' dir='ltr'>viribus</span> <span class='ocrx_word' id='word_1_5' title='bbox 414 573 647 642; x_wconf 79' lang='lat' dir='ltr'>illustrandam.</span> <span class='ocrx_word' id='word_1_6' title='bbox 705 573 784 641; x_wconf 90' lang='lat' dir='ltr'>Post</span> <span class='ocrx_word' id='word_1_7' title='bbox 818 572 1091 640; x_wconf 88' lang='lat' dir='ltr'>Westermannum</span> <span class='ocrx_word' id='word_1_8' title='bbox 1102 577 1126 661; x_wconf 90' lang='lat'>¹)</span> <span class='ocrx_word' id='word_1_9' title='bbox 1161 574 1346 661; x_wconf 75' lang='lat' dir='ltr'>Roesiger2)</span> <span class='ocrx_word' id='word_1_10' title='bbox 1382 572 1501 661; x_wconf 90' lang='lat' dir='ltr'>primus</span> 
     </span>
     <span class='ocr_line' id='line_1_3' title="bbox 262 682 1501 770; baseline -0.003 -20"><span class='ocrx_word' id='word_1_11' title='bbox 262 684 414 750; x_wconf 90' lang='lat' dir='ltr'>maiorem</span> <span class='ocrx_word' id='word_1_12' title='bbox 437 704 543 750; x_wconf 88' lang='lat' dir='ltr'>curam</span> <span class='ocrx_word' id='word_1_13' title='bbox 567 683 596 749; x_wconf 91' lang='lat' dir='ltr'>ei</span> <span class='ocrx_word' id='word_1_14' title='bbox 619 682 783 769; x_wconf 75' lang='lat' dir='ltr'>impendit,</span> <span class='ocrx_word' id='word_1_15' title='bbox 808 684 872 769; x_wconf 91' lang='lat' dir='ltr'>qui,</span> <span class='ocrx_word' id='word_1_16' title='bbox 897 703 1089 769; x_wconf 87' lang='lat' dir='ltr'>quamquain</span> <span class='ocrx_word' id='word_1_17' title='bbox 1113 683 1279 770; x_wconf 89' lang='lat' dir='ltr'>plerasque</span> <span class='ocrx_word' id='word_1_18' title='bbox 1299 703 1406 748; x_wconf 85' lang='lat' dir='ltr'>aarum</span> <span class='ocrx_word' id='word_1_19' title='bbox 1422 702 1501 768; x_wconf 91' lang='lat' dir='ltr'>quas</span> 
     </span>
     <span class='ocr_line' id='line_1_4' title="bbox 263 789 1501 880; baseline -0.002 -22"><span class='ocrx_word' id='word_1_20' title='bbox 263 793 368 880; x_wconf 90' lang='lat' dir='ltr'>posuit</span> <span class='ocrx_word' id='word_1_21' title='bbox 391 793 565 858; x_wconf 88' lang='lat' dir='ltr'>sententias</span> <span class='ocrx_word' id='word_1_22' title='bbox 588 791 717 857; x_wconf 91' lang='lat' dir='ltr'>minime</span> <span class='ocrx_word' id='word_1_23' title='bbox 739 790 818 856; x_wconf 90' lang='lat' dir='ltr'>mihi</span> <span class='ocrx_word' id='word_1_24' title='bbox 841 790 999 877; x_wconf 88' lang='lat' dir='ltr'>probavit,</span> <span class='ocrx_word' id='word_1_25' title='bbox 1023 795 1141 873; x_wconf 92' lang='lat' dir='ltr'>tamen,</span> <span class='ocrx_word' id='word_1_26' title='bbox 1165 791 1249 878; x_wconf 91' lang='lat' dir='ltr'>quod</span> <span class='ocrx_word' id='word_1_27' title='bbox 1269 791 1446 877; x_wconf 88' lang='lat' dir='ltr'>quaestioni</span> <span class='ocrx_word' id='word_1_28' title='bbox 1462 789 1501 855; x_wconf 89' lang='lat' dir='ltr'>de</span> 
     </span>
     <span class='ocr_line' id='line_1_5' title="bbox 262 897 1502 986; baseline -0.002 -20"><span class='ocrx_word' id='word_1_29' title='bbox 262 902 330 966; x_wconf 85' lang='lat' dir='ltr'>vita</span> <span class='ocrx_word' id='word_1_30' title='bbox 357 898 415 964; x_wconf 88' lang='lat' dir='ltr'>illa</span> <span class='ocrx_word' id='word_1_31' title='bbox 444 901 571 986; x_wconf 90' lang='lat' dir='ltr'>eiusque</span> <span class='ocrx_word' id='word_1_32' title='bbox 601 899 739 965; x_wconf 85' lang='lat' dir='ltr'>lontibus</span> <span class='ocrx_word' id='word_1_33' title='bbox 766 919 823 986; x_wconf 93' lang='lat' dir='ltr'>pro</span> <span class='ocrx_word' id='word_1_34' title='bbox 851 919 908 965; x_wconf 94' lang='lat' dir='ltr'>suo</span> <span class='ocrx_word' id='word_1_35' title='bbox 936 897 1049 965; x_wconf 90' lang='lat' dir='ltr'>iudicio</span> <span class='ocrx_word' id='word_1_36' title='bbox 1077 899 1181 965; x_wconf 89' lang='lat' dir='ltr'>lucem</span> <span class='ocrx_word' id='word_1_37' title='bbox 1213 899 1354 986; x_wconf 82' lang='lat' dir='ltr'>aliquam</span> <span class='ocrx_word' id='word_1_38' title='bbox 1389 897 1502 964; x_wconf 84' lang='lat' dir='ltr'>afferre</span> 
     </span>
     <span class='ocr_line' id='line_1_6' title="bbox 263 1005 1503 1094; baseline -0.005 -17"><span class='ocrx_word' id='word_1_39' title='bbox 263 1007 394 1090; x_wconf 77' lang='lat' dir='ltr'>studuit,</span> <span class='ocrx_word' id='word_1_40' title='bbox 418 1028 481 1074; x_wconf 92' lang='lat' dir='ltr'>non</span> <span class='ocrx_word' id='word_1_41' title='bbox 504 1009 571 1074; x_wconf 91' lang='lat' dir='ltr'>sine</span> <span class='ocrx_word' id='word_1_42' title='bbox 594 1006 688 1073; x_wconf 91' lang='lat' dir='ltr'>laude</span> <span class='ocrx_word' id='word_1_43' title='bbox 710 1005 920 1073; x_wconf 90' lang='lat' dir='ltr'>nominandus</span> <span class='ocrx_word' id='word_1_44' title='bbox 943 1010 1002 1072; x_wconf 88' lang='lat' dir='ltr'>est.</span> <span class='ocrx_word' id='word_1_45' title='bbox 1043 1005 1147 1073; x_wconf 87' lang='lat' dir='ltr'>Meam</span> <span class='ocrx_word' id='word_1_46' title='bbox 1170 1009 1235 1073; x_wconf 91' lang='lat' dir='ltr'>iarn</span> <span class='ocrx_word' id='word_1_47' title='bbox 1258 1008 1503 1094; x_wconf 76' lang='lat' dir='ltr'>perscripseram</span> 
     </span>
     <span class='ocr_line' id='line_1_7' title="bbox 264 1113 1502 1203; baseline -0.004 -19"><span class='ocrx_word' id='word_1_48' title='bbox 264 1117 517 1184; x_wconf 87' lang='lat' dir='ltr'>dissertationem</span> <span class='ocrx_word' id='word_1_49' title='bbox 541 1136 611 1183; x_wconf 92' lang='lat' dir='ltr'>cum</span> <span class='ocrx_word' id='word_1_50' title='bbox 635 1116 713 1181; x_wconf 92' lang='lat' dir='ltr'>mihi</span> <span class='ocrx_word' id='word_1_51' title='bbox 736 1116 869 1199; x_wconf 81' lang='lat' dir='ltr'>contigit</span> <span class='ocrx_word' id='word_1_52' title='bbox 891 1120 927 1181; x_wconf 91' lang='lat' dir='ltr'>ut</span> <span class='ocrx_word' id='word_1_53' title='bbox 942 1113 1027 1181; x_wconf 85' lang='lat' dir='ltr'>Prid.</span> <span class='ocrx_word' id='word_1_54' title='bbox 1045 1113 1205 1181; x_wconf 86' lang='lat' dir='ltr'>Gebhardi</span> <span class='ocrx_word' id='word_1_55' title='bbox 1221 1115 1467 1203; x_wconf 89' lang='lat' dir='ltr'>disputationem</span> <span class='ocrx_word' id='word_1_56' title='bbox 1475 1117 1502 1201; x_wconf 79' lang='lat'>⁸)</span> 
     </span>
     <span class='ocr_line' id='line_1_8' title="bbox 263 1222 1503 1312; baseline -0.002 -20"><span class='ocrx_word' id='word_1_57' title='bbox 263 1226 422 1312; x_wconf 84' lang='lat' dir='ltr'>superiore</span> <span class='ocrx_word' id='word_1_58' title='bbox 438 1244 530 1306; x_wconf 87' lang='lat' dir='ltr'>anno,</span> <span class='ocrx_word' id='word_1_59' title='bbox 555 1225 739 1311; x_wconf 79' lang='lat' dir='ltr'>inspicerem</span> <span class='ocrx_word' id='word_1_60' title='bbox 761 1222 880 1290; x_wconf 89' lang='lat' dir='ltr'>editam</span> <span class='ocrx_word' id='word_1_61' title='bbox 901 1244 981 1310; x_wconf 86' lang='lat' dir='ltr'>quae</span> <span class='ocrx_word' id='word_1_62' title='bbox 1006 1245 1043 1289; x_wconf 86' lang='lat' dir='ltr'>en</span> <span class='ocrx_word' id='word_1_63' title='bbox 1068 1223 1263 1310; x_wconf 90' lang='lat' dir='ltr'>amplissimo</span> <span class='ocrx_word' id='word_1_64' title='bbox 1279 1222 1503 1289; x_wconf 86' lang='lat' dir='ltr'>Demosthenis</span> 
     </span>
     <span class='ocr_line' id='line_1_9' title="bbox 264 1329 1504 1418; baseline -0.002 -19"><span class='ocrx_word' id='word_1_65' title='bbox 264 1331 491 1418; x_wconf 88' lang='lat' dir='ltr'>Aeschinisque</span> <span class='ocrx_word' id='word_1_66' title='bbox 515 1333 700 1397; x_wconf 89' lang='lat' dir='ltr'>orationum·</span> <span class='ocrx_word' id='word_1_67' title='bbox 720 1337 753 1397; x_wconf 88' lang='lat' dir='ltr'>et</span> <span class='ocrx_word' id='word_1_68' title='bbox 775 1329 1038 1398; x_wconf 88' lang='lat' dir='ltr'>Plutarchearum</span> <span class='ocrx_word' id='word_1_69' title='bbox 1067 1333 1202 1397; x_wconf 80' lang='lat' dir='ltr'>vitarum</span> <span class='ocrx_word' id='word_1_70' title='bbox 1231 1331 1334 1397; x_wconf 91' lang='lat' dir='ltr'>studio</span> <span class='ocrx_word' id='word_1_71' title='bbox 1364 1331 1504 1418; x_wconf 84' lang='lat' dir='ltr'>profecta</span> 
     </span>
     <span class='ocr_line' id='line_1_10' title="bbox 264 1439 1505 1527; baseline -0.001 -21"><span class='ocrx_word' id='word_1_72' title='bbox 264 1446 297 1507; x_wconf 90' lang='lat' dir='ltr'>et</span> <span class='ocrx_word' id='word_1_73' title='bbox 319 1439 505 1527; x_wconf 90' lang='lat' dir='ltr'>plerumque</span> <span class='ocrx_word' id='word_1_74' title='bbox 529 1459 598 1505; x_wconf 91' lang='lat' dir='ltr'>cum</span> <span class='ocrx_word' id='word_1_75' title='bbox 622 1439 725 1506; x_wconf 91' lang='lat' dir='ltr'>sobrio</span> <span class='ocrx_word' id='word_1_76' title='bbox 748 1439 863 1507; x_wconf 89' lang='lat' dir='ltr'>iudicio</span> <span class='ocrx_word' id='word_1_77' title='bbox 886 1441 1074 1526; x_wconf 88' lang='lat' dir='ltr'>composita,</span> <span class='ocrx_word' id='word_1_78' title='bbox 1104 1460 1295 1527; x_wconf 86' lang='lat' dir='ltr'>quamquain</span> <span class='ocrx_word' id='word_1_79' title='bbox 1318 1460 1380 1505; x_wconf 92' lang='lat' dir='ltr'>non</span> <span class='ocrx_word' id='word_1_80' title='bbox 1403 1458 1505 1526; x_wconf 88' lang='lat' dir='ltr'>pauca</span> 
     </span>
     <span class='ocr_line' id='line_1_11' title="bbox 264 1547 1505 1634; baseline -0.001 -20"><span class='ocrx_word' id='word_1_81' title='bbox 264 1568 347 1614; x_wconf 90' lang='lat' dir='ltr'>nova</span> <span class='ocrx_word' id='word_1_82' title='bbox 370 1568 420 1613; x_wconf 89' lang='lat' dir='ltr'>me</span> <span class='ocrx_word' id='word_1_83' title='bbox 445 1547 560 1629; x_wconf 89' lang='lat' dir='ltr'>docuit,</span> <span class='ocrx_word' id='word_1_84' title='bbox 585 1552 692 1614; x_wconf 92' lang='lat' dir='ltr'>tamen</span> <span class='ocrx_word' id='word_1_85' title='bbox 715 1553 751 1614; x_wconf 91' lang='lat' dir='ltr'>ut</span> <span class='ocrx_word' id='word_1_86' title='bbox 774 1570 794 1614; x_wconf 89' lang='lat' dir='ltr'>a</span> <span class='ocrx_word' id='word_1_87' title='bbox 817 1549 976 1614; x_wconf 90' lang='lat' dir='ltr'>sententia</span> <span class='ocrx_word' id='word_1_88' title='bbox 991 1568 1071 1613; x_wconf 89' lang='lat' dir='ltr'>mea</span> <span class='ocrx_word' id='word_1_89' title='bbox 1093 1549 1191 1614; x_wconf 90' lang='lat' dir='ltr'>etiam</span> <span class='ocrx_word' id='word_1_90' title='bbox 1207 1551 1302 1634; x_wconf 88' lang='lat' dir='ltr'>atque</span> <span class='ocrx_word' id='word_1_91' title='bbox 1319 1549 1417 1614; x_wconf 90' lang='lat' dir='ltr'>etiam</span> <span class='ocrx_word' id='word_1_92' title='bbox 1433 1567 1505 1613; x_wconf 87' lang='lat' dir='ltr'>con·</span> 
     </span>
     <span class='ocr_line' id='line_1_12' title="bbox 264 1654 1505 1738; baseline -0.002 -16"><span class='ocrx_word' id='word_1_93' title='bbox 264 1655 404 1722; x_wconf 84' lang='lat' dir='ltr'>siderate</span> <span class='ocrx_word' id='word_1_94' title='bbox 431 1657 465 1721; x_wconf 92' lang='lat' dir='ltr'>in</span> <span class='ocrx_word' id='word_1_95' title='bbox 493 1656 670 1722; x_wconf 88' lang='lat' dir='ltr'>universum</span> <span class='ocrx_word' id='word_1_96' title='bbox 700 1655 907 1738; x_wconf 83' lang='lat' dir='ltr'>discederem,</span> <span class='ocrx_word' id='word_1_97' title='bbox 937 1676 999 1722; x_wconf 93' lang='lat' dir='ltr'>non</span> <span class='ocrx_word' id='word_1_98' title='bbox 1027 1677 1078 1721; x_wconf 92' lang='lat' dir='ltr'>me</span> <span class='ocrx_word' id='word_1_99' title='bbox 1106 1655 1246 1722; x_wconf 87' lang='lat' dir='ltr'>adduxit.</span> <span class='ocrx_word' id='word_1_100' title='bbox 1296 1654 1364 1733; x_wconf 78' lang='lat' dir='ltr'>Qua</span> <span class='ocrx_word' id='word_1_101' title='bbox 1391 1658 1424 1721; x_wconf 93' lang='lat' dir='ltr'>in</span> <span class='ocrx_word' id='word_1_102' title='bbox 1452 1676 1505 1721; x_wconf 84' lang='lat' dir='ltr'>ex-</span> 
     </span>
     <span class='ocr_line' id='line_1_13' title="bbox 265 1762 1591 1851; baseline 0 -22"><span class='ocrx_word' id='word_1_103' title='bbox 265 1763 413 1851; x_wconf 88' lang='lat' dir='ltr'>plicanda</span> <span class='ocrx_word' id='word_1_104' title='bbox 440 1783 535 1845; x_wconf 90' lang='lat' dir='ltr'>nunc,</span> <span class='ocrx_word' id='word_1_105' title='bbox 565 1783 691 1850; x_wconf 84' lang='lat' dir='ltr'>quaec</span> <span class='ocrx_word' id='word_1_106' title='bbox 719 1764 823 1831; x_wconf 86' lang='lat' dir='ltr'>verbis</span> <span class='ocrx_word' id='word_1_107' title='bbox 848 1764 1012 1830; x_wconf 84' lang='lat' dir='ltr'>Plutarchi</span> <span class='ocrx_word' id='word_1_108' title='bbox 1041 1766 1117 1851; x_wconf 91' lang='lat' dir='ltr'>ipsis</span> <span class='ocrx_word' id='word_1_109' title='bbox 1146 1764 1186 1830; x_wconf 90' lang='lat' dir='ltr'>ad</span> <span class='ocrx_word' id='word_1_110' title='bbox 1214 1766 1317 1830; x_wconf 86' lang='lat' dir='ltr'>fontes</span> <span class='ocrx_word' id='word_1_111' title='bbox 1345 1762 1505 1829; x_wconf 90' lang='lat' dir='ltr'>adhibitos</span> <span class='ocrx_word' id='word_1_112' title='bbox 1587 1768 1591 1775; x_wconf 84' lang='lat'>&#39;</span> 
     </span>
     <span class='ocr_line' id='line_1_14' title="bbox 266 1871 1507 1958; baseline -0.002 -20"><span class='ocrx_word' id='word_1_113' title='bbox 266 1871 467 1938; x_wconf 87' lang='lat' dir='ltr'>excutiendos</span> <span class='ocrx_word' id='word_1_114' title='bbox 490 1873 591 1958; x_wconf 88' lang='lat' dir='ltr'>repeti</span> <span class='ocrx_word' id='word_1_115' title='bbox 615 1874 746 1958; x_wconf 88' lang='lat' dir='ltr'>possint,</span> <span class='ocrx_word' id='word_1_116' title='bbox 772 1871 945 1958; x_wconf 89' lang='lat' dir='ltr'>disquirere</span> <span class='ocrx_word' id='word_1_117' title='bbox 969 1875 1001 1938; x_wconf 92' lang='lat' dir='ltr'>in</span> <span class='ocrx_word' id='word_1_118' title='bbox 1024 1873 1129 1938; x_wconf 89' lang='lat' dir='ltr'>animo</span> <span class='ocrx_word' id='word_1_119' title='bbox 1152 1872 1229 1937; x_wconf 91' lang='lat' dir='ltr'>mihi</span> <span class='ocrx_word' id='word_1_120' title='bbox 1254 1876 1312 1953; x_wconf 91' lang='lat' dir='ltr'>est,</span> <span class='ocrx_word' id='word_1_121' title='bbox 1342 1877 1438 1957; x_wconf 90' lang='lat' dir='ltr'>atque</span> <span class='ocrx_word' id='word_1_122' title='bbox 1461 1872 1507 1937; x_wconf 88' lang='lat' dir='ltr'>sic</span> 
     </span>
     <span class='ocr_line' id='line_1_15' title="bbox 267 1979 1504 2068; baseline -0.002 -23"><span class='ocrx_word' id='word_1_123' title='bbox 267 2000 397 2064; x_wconf 82' lang='lat' dir='ltr'>agamus</span> <span class='ocrx_word' id='word_1_124' title='bbox 420 1983 456 2045; x_wconf 91' lang='lat' dir='ltr'>ut</span> <span class='ocrx_word' id='word_1_125' title='bbox 479 1979 604 2063; x_wconf 61' lang='lat' dir='ltr'>sinpila</span> <span class='ocrx_word' id='word_1_126' title='bbox 621 1979 767 2068; x_wconf 86' lang='lat' dir='ltr'>deinceps</span> <span class='ocrx_word' id='word_1_127' title='bbox 783 1982 890 2067; x_wconf 84' lang='lat' dir='ltr'>eapite</span> <span class='ocrx_word' id='word_1_128' title='bbox 906 2000 1001 2067; x_wconf 89' lang='lat' dir='ltr'>quam</span> <span class='ocrx_word' id='word_1_129' title='bbox 1017 1981 1251 2046; x_wconf 84' lang='lat' dir='ltr'>accuratissime</span> <span class='ocrx_word' id='word_1_130' title='bbox 1268 1979 1504 2066; x_wconf 88' lang='lat' dir='ltr'>perlustremus.</span> 
     </span>
     <span class='ocr_line' id='line_1_16' title="bbox 264 2087 948 2175; baseline 0.001 -23"><span class='ocrx_word' id='word_1_131' title='bbox 264 2087 314 2153; x_wconf 90' lang='lat' dir='ltr'>De</span> <span class='ocrx_word' id='word_1_132' title='bbox 339 2087 480 2153; x_wconf 90' lang='lat' dir='ltr'>fontibus</span> <span class='ocrx_word' id='word_1_133' title='bbox 502 2088 579 2175; x_wconf 91' lang='lat' dir='ltr'>ipsis</span> <span class='ocrx_word' id='word_1_134' title='bbox 602 2088 685 2153; x_wconf 84' lang='lat' dir='ltr'>infra</span> <span class='ocrx_word' id='word_1_135' title='bbox 707 2087 948 2175; x_wconf 81' lang='lat' dir='ltr'>disputabimus</span> 
     </span>
    </p>

    <p class='ocr_par' dir='ltr' id='par_1_3' title="bbox 266 2192 1513 4112">
     <span class='ocr_line' id='line_1_17' title="bbox 355 2192 1508 2283; baseline 0.002 -23"><span class='ocrx_word' id='word_1_136' title='bbox 355 2192 545 2261; x_wconf 89' lang='lat' dir='ltr'>Plutarchus</span> <span class='ocrx_word' id='word_1_137' title='bbox 569 2216 593 2261; x_wconf 90' lang='lat' dir='ltr'>c.</span> <span class='ocrx_word' id='word_1_138' title='bbox 612 2200 633 2261; x_wconf 88' lang='lat'><strong>4</strong></span> <span class='ocrx_word' id='word_1_139' title='bbox 657 2194 695 2262; x_wconf 91' lang='lat' dir='ltr'>de</span> <span class='ocrx_word' id='word_1_140' title='bbox 720 2195 913 2283; x_wconf 88' lang='lat' dir='ltr'>parentibus,</span> <span class='ocrx_word' id='word_1_141' title='bbox 937 2198 1078 2261; x_wconf 87' lang='lat' dir='ltr'>tutorum</span> <span class='ocrx_word' id='word_1_142' title='bbox 1101 2195 1232 2282; x_wconf 86' lang='lat' dir='ltr'>perfidia</span> <span class='ocrx_word' id='word_1_143' title='bbox 1256 2196 1508 2279; x_wconf 84' lang='lat' dir='ltr'>cognominibus·</span> 
     </span>
     <span class='ocr_line' id='line_1_18' title="bbox 266 2301 1507 2392; baseline -0.001 -22"><span class='ocrx_word' id='word_1_144' title='bbox 266 2324 325 2392; x_wconf 90' lang='lat' dir='ltr'>que</span> <span class='ocrx_word' id='word_1_145' title='bbox 354 2301 561 2391; x_wconf 87' lang='lat' dir='ltr'>Demostheni</span> <span class='ocrx_word' id='word_1_146' title='bbox 589 2302 724 2370; x_wconf 90' lang='lat' dir='ltr'>ludibrio</span> <span class='ocrx_word' id='word_1_147' title='bbox 753 2303 862 2370; x_wconf 88' lang='lat' dir='ltr'>inditis</span> <span class='ocrx_word' id='word_1_148' title='bbox 889 2306 1033 2390; x_wconf 86' lang='lat' dir='ltr'>exponit,</span> <span class='ocrx_word' id='word_1_149' title='bbox 1070 2324 1095 2370; x_wconf 89' lang='lat' dir='ltr'>c.</span> <span class='ocrx_word' id='word_1_150' title='bbox 1127 2307 1145 2368; x_wconf 86' lang='lat'><strong>5</strong></span> <span class='ocrx_word' id='word_1_151' title='bbox 1175 2303 1317 2369; x_wconf 87' lang='lat' dir='ltr'>fabulam</span> <span class='ocrx_word' id='word_1_152' title='bbox 1344 2302 1437 2368; x_wconf 90' lang='lat' dir='ltr'>illam</span> <span class='ocrx_word' id='word_1_153' title='bbox 1468 2301 1507 2369; x_wconf 91' lang='lat' dir='ltr'>de</span> 
     </span>
     <span class='ocr_line' id='line_1_19' title="bbox 267 2410 1508 2499; baseline -0.002 -21"><span class='ocrx_word' id='word_1_154' title='bbox 267 2411 401 2499; x_wconf 89' lang='lat' dir='ltr'>Oropica</span> <span class='ocrx_word' id='word_1_155' title='bbox 428 2431 523 2477; x_wconf 86' lang='lat' dir='ltr'>eausa</span> <span class='ocrx_word' id='word_1_156' title='bbox 550 2414 659 2476; x_wconf 88' lang='lat' dir='ltr'>narrat</span> <span class='ocrx_word' id='word_1_157' title='bbox 686 2415 719 2477; x_wconf 86' lang='lat' dir='ltr'>et</span> <span class='ocrx_word' id='word_1_158' title='bbox 747 2410 785 2477; x_wconf 92' lang='lat' dir='ltr'>de</span> <span class='ocrx_word' id='word_1_159' title='bbox 813 2411 1069 2499; x_wconf 87' lang='lat' dir='ltr'>praeceptoribus</span> <span class='ocrx_word' id='word_1_160' title='bbox 1097 2412 1231 2478; x_wconf 90' lang='lat' dir='ltr'>oratoris</span> <span class='ocrx_word' id='word_1_161' title='bbox 1266 2432 1304 2477; x_wconf 84' lang='lat' dir='ltr'>ex</span> <span class='ocrx_word' id='word_1_162' title='bbox 1332 2410 1508 2498; x_wconf 90' lang='lat' dir='ltr'>Hermippo</span> 
     </span>
     <span class='ocr_line' id='line_1_20' title="bbox 268 2512 1510 2606; baseline 0 -22"><span class='ocrx_word' id='word_1_163' title='bbox 268 2519 346 2595; x_wconf 85' lang='lat' dir='ltr'>duas</span> <span class='ocrx_word' id='word_1_164' title='bbox 375 2518 468 2584; x_wconf 83' lang='lat' dir='ltr'>affert</span> <span class='ocrx_word' id='word_1_165' title='bbox 494 2516 673 2584; x_wconf 87' lang='lat' dir='ltr'>relationes.</span> <span class='ocrx_word' id='word_1_166' title='bbox 722 2517 781 2596; x_wconf 79' lang='lat' dir='ltr'>Qui</span> <span class='ocrx_word' id='word_1_167' title='bbox 808 2519 887 2586; x_wconf 87' lang='lat' dir='ltr'>haee</span> <span class='ocrx_word' id='word_1_168' title='bbox 915 2519 975 2585; x_wconf 90' lang='lat' dir='ltr'>duo</span> <span class='ocrx_word' id='word_1_169' title='bbox 1004 2512 1110 2606; x_wconf 85' lang='lat' dir='ltr'>capita</span> <span class='ocrx_word' id='word_1_170' title='bbox 1138 2518 1233 2605; x_wconf 91' lang='lat' dir='ltr'>paulo</span> <span class='ocrx_word' id='word_1_171' title='bbox 1261 2520 1414 2585; x_wconf 88' lang='lat' dir='ltr'>intentius</span> <span class='ocrx_word' id='word_1_172' title='bbox 1438 2538 1510 2605; x_wconf 89' lang='lat' dir='ltr'>per·</span> 
     </span>
     <span class='ocr_line' id='line_1_21' title="bbox 267 2625 1506 2713; baseline 0 -21"><span class='ocrx_word' id='word_1_173' title='bbox 267 2627 391 2710; x_wconf 83' lang='lat' dir='ltr'>legerit,</span> <span class='ocrx_word' id='word_1_174' title='bbox 409 2626 476 2691; x_wconf 90' lang='lat' dir='ltr'>fieri</span> <span class='ocrx_word' id='word_1_175' title='bbox 492 2646 554 2692; x_wconf 94' lang='lat' dir='ltr'>non</span> <span class='ocrx_word' id='word_1_176' title='bbox 570 2628 688 2712; x_wconf 88' lang='lat' dir='ltr'>poterit</span> <span class='ocrx_word' id='word_1_177' title='bbox 702 2628 778 2713; x_wconf 91' lang='lat' dir='ltr'>quin</span> <span class='ocrx_word' id='word_1_178' title='bbox 793 2628 827 2693; x_wconf 91' lang='lat' dir='ltr'>in</span> <span class='ocrx_word' id='word_1_179' title='bbox 838 2626 1004 2693; x_wconf 89' lang='lat' dir='ltr'>Plutarohi</span> <span class='ocrx_word' id='word_1_180' title='bbox 1020 2626 1124 2693; x_wconf 86' lang='lat' dir='ltr'>verbis</span> <span class='ocrx_word' id='word_1_181' title='bbox 1140 2627 1342 2693; x_wconf 88' lang='lat' dir='ltr'>vehementer</span> <span class='ocrx_word' id='word_1_182' title='bbox 1358 2625 1506 2692; x_wconf 84' lang='lat' dir='ltr'>offendat.</span> 
     </span>
     <span class='ocr_line' id='line_1_22' title="bbox 268 2733 1510 2822; baseline 0 -23"><span class='ocrx_word' id='word_1_183' title='bbox 268 2734 356 2800; x_wconf 89' lang='lat' dir='ltr'>Idem</span> <span class='ocrx_word' id='word_1_184' title='bbox 380 2734 464 2799; x_wconf 90' lang='lat' dir='ltr'>enim</span> <span class='ocrx_word' id='word_1_185' title='bbox 486 2733 731 2817; x_wconf 88' lang='lat' dir='ltr'>Demosthenes,</span> <span class='ocrx_word' id='word_1_186' title='bbox 760 2737 814 2822; x_wconf 92' lang='lat' dir='ltr'>qui</span> <span class='ocrx_word' id='word_1_187' title='bbox 837 2737 1059 2818; x_wconf 85' lang='lat' dir='ltr'>magistrorum</span> <span class='ocrx_word' id='word_1_188' title='bbox 1083 2735 1279 2801; x_wconf 87' lang='lat' dir='ltr'>mercedibus</span> <span class='ocrx_word' id='word_1_189' title='bbox 1305 2757 1325 2801; x_wconf 90' lang='lat' dir='ltr'>a</span> <span class='ocrx_word' id='word_1_190' title='bbox 1352 2734 1510 2800; x_wconf 90' lang='lat' dir='ltr'>tutoribus</span> 
     </span>
     <span class='ocr_line' id='line_1_23' title="bbox 269 2841 1511 2929; baseline 0.001 -23"><span class='ocrx_word' id='word_1_191' title='bbox 269 2841 424 2907; x_wconf 87' lang='lat' dir='ltr'>fraudatis</span> <span class='ocrx_word' id='word_1_192' title='bbox 447 2842 502 2906; x_wconf 80' lang='grc' dir='ltr'>διὰ</span> <span class='ocrx_word' id='word_1_193' title='bbox 525 2842 564 2928; x_wconf 73' lang='grc' dir='ltr'>δὴ</span> <span class='ocrx_word' id='word_1_194' title='bbox 585 2846 678 2907; x_wconf 78' lang='grc' dir='ltr'><strong><em>τοῦτο</em></strong></span> <span class='ocrx_word' id='word_1_195' title='bbox 699 2848 760 2908; x_wconf 80' lang='grc' dir='ltr'>τῶν</span> <span class='ocrx_word' id='word_1_196' title='bbox 776 2845 919 2926; x_wconf 74' lang='grc' dir='ltr'><em>ἐμμελῶν</em></span> <span class='ocrx_word' id='word_1_197' title='bbox 933 2844 988 2907; x_wconf 78' lang='grc' dir='ltr'>καὶ</span> <span class='ocrx_word' id='word_1_198' title='bbox 1002 2844 1224 2929; x_wconf 65' lang='lat' dir='ltr'>aperuerimus</span> <span class='ocrx_word' id='word_1_199' title='bbox 1238 2844 1398 2928; x_wconf 71' lang='grc' dir='ltr'>ἐλευθέρῳ</span> <span class='ocrx_word' id='word_1_200' title='bbox 1414 2843 1511 2907; x_wconf 71' lang='grc' dir='ltr'><strong><em>παιδὶ</em></strong></span> 
     </span>
     <span class='ocr_line' id='line_1_24' title="bbox 266 2948 1510 3037; baseline 0.004 -27"><span class='ocrx_word' id='word_1_201' title='bbox 266 2949 472 3033; x_wconf 72' lang='grc' dir='ltr'><em>μαθημάτων</em></span> <span class='ocrx_word' id='word_1_202' title='bbox 487 2948 681 3024; x_wconf 74' lang='grc' dir='ltr'><strong><em>ἀπαίδευτος</em></strong></span> <span class='ocrx_word' id='word_1_203' title='bbox 696 2951 783 3014; x_wconf 71' lang='grc' dir='ltr'><em>δοκεῖ</em></span> <span class='ocrx_word' id='word_1_204' title='bbox 794 2954 961 3028; x_wconf 66' lang='grc' dir='ltr'><strong><em>γενέσθαι,</em></strong></span> <span class='ocrx_word' id='word_1_205' title='bbox 975 2950 1009 3015; x_wconf 92' lang='lat' dir='ltr'>in</span> <span class='ocrx_word' id='word_1_206' title='bbox 1024 2970 1050 3016; x_wconf 92' lang='lat' dir='ltr'>c.</span> <span class='ocrx_word' id='word_1_207' title='bbox 1066 2951 1085 3015; x_wconf 87' lang='lat'>5</span> <span class='ocrx_word' id='word_1_208' title='bbox 1105 2953 1274 3037; x_wconf 89' lang='lat' dir='ltr'>postquam</span> <span class='ocrx_word' id='word_1_209' title='bbox 1289 2948 1510 3015; x_wconf 86' lang='lat' dir='ltr'>Callistratum</span> 
     </span>
     <span class='ocr_line' id='line_1_25' title="bbox 272 3057 1511 3144; baseline 0.003 -24"><span class='ocrx_word' id='word_1_210' title='bbox 272 3057 391 3143; x_wconf 90' lang='lat' dir='ltr'>optimo</span> <span class='ocrx_word' id='word_1_211' title='bbox 415 3076 486 3122; x_wconf 91' lang='lat' dir='ltr'>cum</span> <span class='ocrx_word' id='word_1_212' title='bbox 509 3060 625 3123; x_wconf 89' lang='lat' dir='ltr'>eventu</span> <span class='ocrx_word' id='word_1_213' title='bbox 647 3077 830 3144; x_wconf 88' lang='lat' dir='ltr'>summaque</span> <span class='ocrx_word' id='word_1_214' title='bbox 854 3057 969 3123; x_wconf 89' lang='lat' dir='ltr'>civium</span> <span class='ocrx_word' id='word_1_215' title='bbox 990 3057 1197 3124; x_wconf 87' lang='lat' dir='ltr'>admiratione</span> <span class='ocrx_word' id='word_1_216' title='bbox 1212 3057 1394 3143; x_wconf 92' lang='lat' dir='ltr'>loquentem</span> <span class='ocrx_word' id='word_1_217' title='bbox 1410 3057 1511 3124; x_wconf 85' lang='lat' dir='ltr'>audiit</span> 
     </span>
     <span class='ocr_line' id='line_1_26' title="bbox 270 3159 1511 3251; baseline 0.002 -25"><span class='ocrx_word' id='word_1_218' title='bbox 270 3163 368 3238; x_wconf 69' lang='grc' dir='ltr'><strong><em>ἐάσας</em></strong></span> <span class='ocrx_word' id='word_1_219' title='bbox 391 3166 430 3227; x_wconf 80' lang='grc' dir='ltr'>τὰ</span> <span class='ocrx_word' id='word_1_220' title='bbox 453 3165 555 3229; x_wconf 75' lang='grc' dir='ltr'><em>λοιπὰ</em></span> <span class='ocrx_word' id='word_1_221' title='bbox 577 3159 759 3251; x_wconf 70' lang='grc' dir='ltr'><strong><em>μαθήματα</em></strong></span> <span class='ocrx_word' id='word_1_222' title='bbox 781 3166 835 3228; x_wconf 77' lang='grc' dir='ltr'>καὶ</span> <span class='ocrx_word' id='word_1_223' title='bbox 858 3165 914 3239; x_wconf 82' lang='grc' dir='ltr'>τὰς</span> <span class='ocrx_word' id='word_1_224' title='bbox 937 3165 1091 3240; x_wconf 78' lang='grc' dir='ltr'><strong><em>παιδικὰς</em></strong></span> <span class='ocrx_word' id='word_1_225' title='bbox 1114 3166 1278 3251; x_wconf 75' lang='grc' dir='ltr'><strong><em>διατριβὰς</em></strong></span> <span class='ocrx_word' id='word_1_226' title='bbox 1298 3165 1511 3240; x_wconf 65' lang='lat' dir='ltr'>adroganter</span> 
     </span>
     <span class='ocr_line' id='line_1_27' title="bbox 272 3270 1510 3357; baseline 0.006 -25"><span class='ocrx_word' id='word_1_227' title='bbox 272 3270 356 3356; x_wconf 74' lang='grc' dir='ltr'><strong><em>ἤσκει</em></strong></span> <span class='ocrx_word' id='word_1_228' title='bbox 373 3273 438 3335; x_wconf 73' lang='grc' dir='ltr'>κτλ.</span> <span class='ocrx_word' id='word_1_229' title='bbox 478 3270 701 3353; x_wconf 70' lang='lat' dir='ltr'>quidenna,</span> <span class='ocrx_word' id='word_1_230' title='bbox 726 3274 753 3338; x_wconf 92' lang='lat' dir='ltr'>si</span> <span class='ocrx_word' id='word_1_231' title='bbox 768 3273 802 3336; x_wconf 93' lang='lat' dir='ltr'>in</span> <span class='ocrx_word' id='word_1_232' title='bbox 818 3292 843 3338; x_wconf 90' lang='lat' dir='ltr'>o.</span> <span class='ocrx_word' id='word_1_233' title='bbox 863 3275 883 3337; x_wconf 86' lang='grc'>4</span> <span class='ocrx_word' id='word_1_234' title='bbox 909 3274 947 3335; x_wconf 80' lang='grc' dir='ltr'>τὰ</span> <span class='ocrx_word' id='word_1_235' title='bbox 970 3271 1150 3357; x_wconf 75' lang='grc' dir='ltr'><strong><em>μαθήματα</em></strong></span> <span class='ocrx_word' id='word_1_236' title='bbox 1174 3274 1280 3338; x_wconf 91' lang='lat' dir='ltr'>omnia</span> <span class='ocrx_word' id='word_1_237' title='bbox 1301 3274 1510 3340; x_wconf 91' lang='lat' dir='ltr'>institutionis</span> 
     </span>
     <span class='ocr_line' id='line_1_28' title="bbox 270 3378 1510 3466; baseline 0.002 -22"><span class='ocrx_word' id='word_1_238' title='bbox 270 3398 386 3461; x_wconf 82' lang='lat' dir='ltr'>genera</span> <span class='ocrx_word' id='word_1_239' title='bbox 413 3378 654 3462; x_wconf 83' lang='lat' dir='ltr'>intelleguntur,</span> <span class='ocrx_word' id='word_1_240' title='bbox 684 3380 731 3444; x_wconf 91' lang='lat' dir='ltr'>ita</span> <span class='ocrx_word' id='word_1_241' title='bbox 759 3380 935 3466; x_wconf 89' lang='lat' dir='ltr'>comparati</span> <span class='ocrx_word' id='word_1_242' title='bbox 963 3382 1050 3461; x_wconf 87' lang='lat' dir='ltr'>sunt,</span> <span class='ocrx_word' id='word_1_243' title='bbox 1080 3382 1116 3446; x_wconf 90' lang='lat' dir='ltr'>ut</span> <span class='ocrx_word' id='word_1_244' title='bbox 1139 3380 1180 3445; x_wconf 91' lang='lat' dir='ltr'>ad</span> <span class='ocrx_word' id='word_1_245' title='bbox 1203 3380 1334 3446; x_wconf 90' lang='lat' dir='ltr'>eandem</span> <span class='ocrx_word' id='word_1_246' title='bbox 1358 3382 1510 3465; x_wconf 81' lang='lat' dir='ltr'>originem</span> 
     </span>
     <span class='ocr_line' id='line_1_29' title="bbox 270 3486 1511 3575; baseline 0.002 -24"><span class='ocrx_word' id='word_1_247' title='bbox 270 3486 371 3552; x_wconf 87' lang='lat' dir='ltr'>redire</span> <span class='ocrx_word' id='word_1_248' title='bbox 394 3491 561 3573; x_wconf 89' lang='lat' dir='ltr'>nequeant.</span> <span class='ocrx_word' id='word_1_249' title='bbox 601 3486 773 3569; x_wconf 86' lang='lat' dir='ltr'>Dissensio,</span> <span class='ocrx_word' id='word_1_250' title='bbox 797 3508 879 3574; x_wconf 87' lang='lat' dir='ltr'>quae</span> <span class='ocrx_word' id='word_1_251' title='bbox 902 3488 955 3552; x_wconf 89' lang='lat' dir='ltr'>vix</span> <span class='ocrx_word' id='word_1_252' title='bbox 978 3489 1086 3571; x_wconf 84' lang='lat' dir='ltr'>negari</span> <span class='ocrx_word' id='word_1_253' title='bbox 1109 3492 1224 3575; x_wconf 89' lang='lat' dir='ltr'>potest,</span> <span class='ocrx_word' id='word_1_254' title='bbox 1249 3489 1296 3553; x_wconf 88' lang='lat' dir='ltr'>ito</span> <span class='ocrx_word' id='word_1_255' title='bbox 1316 3488 1511 3574; x_wconf 82' lang='lat' dir='ltr'>expedienda</span> 
     </span>
     <span class='ocr_line' id='line_1_30' title="bbox 270 3591 1510 3682; baseline 0.003 -24"><span class='ocrx_word' id='word_1_256' title='bbox 270 3593 349 3658; x_wconf 94' lang='lat' dir='ltr'>mihi</span> <span class='ocrx_word' id='word_1_257' title='bbox 372 3594 511 3675; x_wconf 82' lang='lat' dir='ltr'>videtur,</span> <span class='ocrx_word' id='word_1_258' title='bbox 540 3596 576 3659; x_wconf 92' lang='lat' dir='ltr'>ut</span> <span class='ocrx_word' id='word_1_259' title='bbox 598 3591 787 3660; x_wconf 88' lang='lat' dir='ltr'>Plutarchus</span> <span class='ocrx_word' id='word_1_260' title='bbox 810 3595 842 3660; x_wconf 94' lang='lat' dir='ltr'>in</span> <span class='ocrx_word' id='word_1_261' title='bbox 867 3595 954 3661; x_wconf 88' lang='lat' dir='ltr'>sonte</span> <span class='ocrx_word' id='word_1_262' title='bbox 976 3615 1047 3676; x_wconf 86' lang='lat' dir='ltr'>suo,</span> <span class='ocrx_word' id='word_1_263' title='bbox 1072 3616 1164 3682; x_wconf 92' lang='lat' dir='ltr'>quem</span> <span class='ocrx_word' id='word_1_264' title='bbox 1188 3595 1228 3661; x_wconf 89' lang='lat' dir='ltr'>ab</span> <span class='ocrx_word' id='word_1_265' title='bbox 1251 3596 1341 3661; x_wconf 90' lang='lat' dir='ltr'>initio</span> <span class='ocrx_word' id='word_1_266' title='bbox 1365 3615 1391 3662; x_wconf 92' lang='lat' dir='ltr'>c.</span> <span class='ocrx_word' id='word_1_267' title='bbox 1418 3599 1438 3661; x_wconf 86' lang='grc'>4</span> <span class='ocrx_word' id='word_1_268' title='bbox 1462 3616 1510 3662; x_wconf 81' lang='lat' dir='ltr'>se</span> 
     </span>
     <span class='ocr_line' id='line_1_31' title="bbox 271 3699 1511 3789; baseline 0.002 -22"><span class='ocrx_word' id='word_1_269' title='bbox 271 3706 361 3767; x_wconf 85' lang='lat' dir='ltr'>cutus</span> <span class='ocrx_word' id='word_1_270' title='bbox 377 3704 436 3784; x_wconf 84' lang='lat' dir='ltr'>est,</span> <span class='ocrx_word' id='word_1_271' title='bbox 454 3701 533 3767; x_wconf 91' lang='lat' dir='ltr'>nihil</span> <span class='ocrx_word' id='word_1_272' title='bbox 550 3699 636 3768; x_wconf 86' lang='lat' dir='ltr'>aliud</span> <span class='ocrx_word' id='word_1_273' title='bbox 651 3702 808 3768; x_wconf 89' lang='lat' dir='ltr'>invenisse</span> <span class='ocrx_word' id='word_1_274' title='bbox 824 3704 1022 3769; x_wconf 84' lang='lat' dir='ltr'>existimetur</span> <span class='ocrx_word' id='word_1_275' title='bbox 1037 3703 1098 3769; x_wconf 89' lang='lat' dir='ltr'>nisi</span> <span class='ocrx_word' id='word_1_276' title='bbox 1109 3702 1356 3769; x_wconf 89' lang='lat' dir='ltr'>Demosthenem</span> <span class='ocrx_word' id='word_1_277' title='bbox 1373 3703 1511 3789; x_wconf 89' lang='lat' dir='ltr'>corporis</span> 
     </span>
     <span class='ocr_line' id='line_1_32' title="bbox 270 3807 1512 3898; baseline 0.001 -25"><span class='ocrx_word' id='word_1_278' title='bbox 270 3807 492 3886; x_wconf 86' lang='lat' dir='ltr'>imbecillitate</span> <span class='ocrx_word' id='word_1_279' title='bbox 515 3812 681 3895; x_wconf 84' lang='lat' dir='ltr'>gymnasia</span> <span class='ocrx_word' id='word_1_280' title='bbox 708 3810 933 3897; x_wconf 88' lang='lat' dir='ltr'>frequentitare</span> <span class='ocrx_word' id='word_1_281' title='bbox 962 3809 1154 3898; x_wconf 91' lang='lat' dir='ltr'>prohibitum</span> <span class='ocrx_word' id='word_1_282' title='bbox 1182 3812 1295 3877; x_wconf 88' lang='lat' dir='ltr'>ceteris</span> <span class='ocrx_word' id='word_1_283' title='bbox 1321 3809 1512 3897; x_wconf 74' lang='grc' dir='ltr'><strong><em>μαθήμασιν</em></strong></span> 
     </span>
     <span class='ocr_line' id='line_1_33' title="bbox 270 3915 1510 4004; baseline 0.002 -22"><span class='ocrx_word' id='word_1_284' title='bbox 270 3921 396 3982; x_wconf 91' lang='lat' dir='ltr'>strenue</span> <span class='ocrx_word' id='word_1_285' title='bbox 420 3915 562 3983; x_wconf 90' lang='lat' dir='ltr'>deditum</span> <span class='ocrx_word' id='word_1_286' title='bbox 586 3917 691 3999; x_wconf 87' lang='lat' dir='ltr'>fuisse,</span> <span class='ocrx_word' id='word_1_287' title='bbox 717 3916 895 3983; x_wconf 86' lang='lat' dir='ltr'>Callistrati</span> <span class='ocrx_word' id='word_1_288' title='bbox 911 3921 1017 3984; x_wconf 89' lang='lat' dir='ltr'>autem</span> <span class='ocrx_word' id='word_1_289' title='bbox 1033 3917 1176 4003; x_wconf 86' lang='lat' dir='ltr'>exemplo</span> <span class='ocrx_word' id='word_1_290' title='bbox 1192 3917 1391 4004; x_wconf 89' lang='lat' dir='ltr'>eloquentiae</span> <span class='ocrx_word' id='word_1_291' title='bbox 1406 3916 1510 3984; x_wconf 91' lang='lat' dir='ltr'>studio</span> 
     </span>
     <span class='ocr_line' id='line_1_34' title="bbox 271 4022 1513 4112; baseline 0 -23"><span class='ocrx_word' id='word_1_292' title='bbox 271 4022 501 4090; x_wconf 86' lang='lat' dir='ltr'>inflammatum</span> <span class='ocrx_word' id='word_1_293' title='bbox 529 4024 660 4111; x_wconf 90' lang='lat' dir='ltr'>reliquis</span> <span class='ocrx_word' id='word_1_294' title='bbox 688 4024 862 4112; x_wconf 90' lang='lat' dir='ltr'>disciplinis</span> <span class='ocrx_word' id='word_1_295' title='bbox 891 4029 932 4112; x_wconf 89' lang='lat' dir='ltr'>(o.</span> <span class='ocrx_word' id='word_1_296' title='bbox 963 4028 982 4091; x_wconf 84' lang='lat'><strong>5</strong></span> <span class='ocrx_word' id='word_1_297' title='bbox 1012 4024 1149 4100; x_wconf 79' lang='grc' dir='ltr'><strong><em>ἀκούσας</em></strong></span> <span class='ocrx_word' id='word_1_298' title='bbox 1177 4024 1235 4090; x_wconf 83' lang='grc' dir='ltr'>οὖν</span> <span class='ocrx_word' id='word_1_299' title='bbox 1263 4026 1513 4112; x_wconf 69' lang='grc' dir='ltr'>ὁΔημοσθένης</span> 
     </span>
    </p>
   </div>
   <div class='ocr_carea' id='block_1_3' title="bbox 273 4223 1514 4651">
    <p class='ocr_par' dir='ltr' id='par_1_4' title="bbox 346 4223 693 4294">
     <span class='ocr_line' id='line_1_35' title="bbox 346 4223 693 4294; baseline -0.006 -14"><span class='ocrx_word' id='word_1_300' title='bbox 346 4223 365 4291; x_wconf 87' lang='lat'>¹)</span> <span class='ocrx_word' id='word_1_301' title='bbox 385 4241 431 4294; x_wconf 90' lang='lat' dir='ltr'>qu.</span> <span class='ocrx_word' id='word_1_302' title='bbox 452 4226 558 4292; x_wconf 84' lang='lat' dir='ltr'>n.‚1v,</span> <span class='ocrx_word' id='word_1_303' title='bbox 578 4225 693 4281; x_wconf 76' lang='lat'>49-56.</span> 
     </span>
    </p>

    <p class='ocr_par' dir='ltr' id='par_1_5' title="bbox 273 4311 1513 4474">
     <span class='ocr_line' id='line_1_36' title="bbox 345 4311 1513 4385; baseline 0.001 -16"><span class='ocrx_word' id='word_1_304' title='bbox 345 4311 367 4381; x_wconf 86' lang='lat'>²)</span> <span class='ocrx_word' id='word_1_305' title='bbox 387 4318 425 4369; x_wconf 89' lang='lat' dir='ltr'>De</span> <span class='ocrx_word' id='word_1_306' title='bbox 443 4315 545 4370; x_wconf 89' lang='lat' dir='ltr'>Duride</span> <span class='ocrx_word' id='word_1_307' title='bbox 564 4316 652 4370; x_wconf 88' lang='lat' dir='ltr'>Samio</span> <span class='ocrx_word' id='word_1_308' title='bbox 671 4315 780 4369; x_wconf 89' lang='lat' dir='ltr'>Diodori</span> <span class='ocrx_word' id='word_1_309' title='bbox 800 4316 885 4370; x_wconf 88' lang='lat' dir='ltr'>Siculi</span> <span class='ocrx_word' id='word_1_310' title='bbox 909 4318 937 4369; x_wconf 91' lang='lat' dir='ltr'>et</span> <span class='ocrx_word' id='word_1_311' title='bbox 960 4316 1100 4370; x_wconf 84' lang='lat' dir='ltr'>Plutarchi</span> <span class='ocrx_word' id='word_1_312' title='bbox 1124 4318 1241 4369; x_wconf 84' lang='lat' dir='ltr'>auctore.</span> <span class='ocrx_word' id='word_1_313' title='bbox 1280 4315 1392 4369; x_wconf 89' lang='lat' dir='ltr'>Dissert.</span> <span class='ocrx_word' id='word_1_314' title='bbox 1419 4316 1513 4385; x_wconf 85' lang='lat' dir='ltr'>inaug.</span> 
     </span>
     <span class='ocr_line' id='line_1_37' title="bbox 273 4404 693 4474; baseline 0.002 -16"><span class='ocrx_word' id='word_1_315' title='bbox 273 4405 393 4474; x_wconf 85' lang='lat' dir='ltr'>Gotting.</span> <span class='ocrx_word' id='word_1_316' title='bbox 415 4405 493 4460; x_wconf 75' lang='lat'>1874.</span> <span class='ocrx_word' id='word_1_317' title='bbox 531 4423 557 4474; x_wconf 89' lang='lat' dir='ltr'>p.</span> <span class='ocrx_word' id='word_1_318' title='bbox 578 4404 693 4460; x_wconf 78' lang='lat'><strong>35—49.</strong></span> 
     </span>
    </p>

    <p class='ocr_par' dir='ltr' id='par_1_6' title="bbox 274 4492 1514 4651">
     <span class='ocr_line' id='line_1_38' title="bbox 347 4492 1514 4568; baseline 0.001 -20"><span class='ocrx_word' id='word_1_319' title='bbox 347 4492 369 4562; x_wconf 84' lang='lat'>³)</span> <span class='ocrx_word' id='word_1_320' title='bbox 388 4498 427 4550; x_wconf 88' lang='lat' dir='ltr'>De</span> <span class='ocrx_word' id='word_1_321' title='bbox 441 4495 581 4550; x_wconf 84' lang='lat' dir='ltr'>Plutarchi</span> <span class='ocrx_word' id='word_1_322' title='bbox 600 4496 627 4548; x_wconf 90' lang='lat' dir='ltr'>in</span> <span class='ocrx_word' id='word_1_323' title='bbox 641 4496 829 4551; x_wconf 83' lang='lat' dir='ltr'>Demosthenis</span> <span class='ocrx_word' id='word_1_324' title='bbox 849 4496 905 4550; x_wconf 84' lang='lat' dir='ltr'>vita</span> <span class='ocrx_word' id='word_1_325' title='bbox 923 4496 1045 4553; x_wconf 81' lang='lat' dir='ltr'>fontibus</span> <span class='ocrx_word' id='word_1_326' title='bbox 1057 4511 1089 4549; x_wconf 85' lang='lat' dir='ltr'>ao</span> <span class='ocrx_word' id='word_1_327' title='bbox 1101 4493 1161 4553; x_wconf 80' lang='lat' dir='ltr'>fide.</span> <span class='ocrx_word' id='word_1_328' title='bbox 1194 4496 1365 4568; x_wconf 79' lang='lat' dir='ltr'>Programma</span> <span class='ocrx_word' id='word_1_329' title='bbox 1378 4495 1514 4566; x_wconf 78' lang='lat' dir='ltr'>gymnasii</span> 
     </span>
     <span class='ocr_line' id='line_1_39' title="bbox 274 4584 895 4651; baseline 0.003 -13"><span class='ocrx_word' id='word_1_330' title='bbox 274 4584 431 4651; x_wconf 80' lang='lat' dir='ltr'>Guilelmini</span> <span class='ocrx_word' id='word_1_331' title='bbox 450 4587 623 4649; x_wconf 80' lang='lat' dir='ltr'>Monacensis,</span> <span class='ocrx_word' id='word_1_332' title='bbox 663 4586 794 4648; x_wconf 74' lang='lat' dir='ltr'>liouaclrii</span> <span class='ocrx_word' id='word_1_333' title='bbox 818 4586 895 4649; x_wconf 74' lang='lat'>1880,</span> 
     </span>
    </p>
   </div>
   <div class='ocr_carea' id='block_1_4' title="bbox 0 0 1740 5134">
    <p class='ocr_par' dir='ltr' id='par_1_7' title="bbox 0 0 1740 5134">
     <span class='ocr_line' id='line_1_40' title="bbox 0 0 1740 5134; baseline 0 0"><span class='ocrx_word' id='word_1_334' title='bbox 0 0 1740 5134; x_wconf 95' lang='lat' dir='ltr'> </span> 
     </span>
    </p>
   </div>
  </div>
 </body>
</html>
