3442 5134
754 326 886 408 ,ξαρ
935 384 976 391 -

245 523 339 589 rebus
373 545 469 609 quam
504 525 630 610 poterat
658 522 806 611 explevit.
855 523 907 590 Sic
931 526 1012 590 arcis
1040 523 1158 590 deditio
1193 545 1265 589 emn
1287 545 1380 611 quem
1403 544 1484 589 nunc

246 631 343 697 habet
366 652 483 698 annum
506 632 651 698 obtinuit.

336 740 371 807 Si
394 741 459 807 iam
483 742 515 807 in
538 740 670 808 Diodori
698 744 879 808 narratione
907 726 1093 809 excutienda
1120 743 1292 828 pergimus,
1322 741 1362 806 ad
1390 761 1415 807 c.
1442 743 1484 806 78

246 850 328 915 unde
363 851 494 937 profecti
530 872 652 932 sumus,
693 853 901 938 pervenimus.
960 850 1124 917 Plutarchi
1158 852 1352 937 comparatio
1388 849 1485 914 alium

247 957 288 1023 ab
317 958 375 1025 hoc
405 957 501 1024 alium
531 980 551 1023 a
579 958 717 1025 Diodoro
745 960 778 1025 in
801 959 926 1027 Thrasii
954 961 1078 1046 incepto
1107 959 1280 1025 enarrando
1310 959 1486 1024 adhibitum

247 1086 316 1131 esse
344 1065 479 1133 dilucide
508 1065 620 1133 effecit.
668 1065 754 1144 Quae
782 1068 941 1133 sententia
969 1067 1088 1133 duobus
1111 1088 1150 1131 ex
1172 1067 1282 1133 eodem
1306 1068 1409 1153 eapite
1433 1089 1487 1153 pe-
1533 1093 1534 1097 ¹

247 1175 316 1240 titis
340 1176 534 1257 argumentis
558 1176 734 1241 confirmari
759 1175 838 1240 mihi
853 1175 987 1257 videtur,
1012 1175 1125 1261 quibus
1141 1176 1390 1241 observationem
1406 1175 1487 1241 hanc

247 1284 433 1369 praemitto:
457 1283 592 1366 legimus
604 1283 687 1369 apud
700 1283 873 1349 Diodorum
887 1286 939 1364 77,
956 1291 974 1348 5
990 1283 1204 1367 magnitudine
1218 1282 1487 1366 Carthaginiensis

248 1392 402 1459 exercitus
430 1395 592 1477 comperta
619 1390 849 1457 Timoleontem
884 1391 1003 1457 bellum
1032 1412 1102 1457 cum
1130 1390 1246 1457 Hiceta
1278 1394 1488 1478 composuisse

248 1499 332 1586 quod
360 1499 531 1567 Plutarcho
566 1523 678 1588 parum
713 1503 874 1582 conuenit,
910 1503 964 1587 qui
998 1522 1061 1566 una
1088 1521 1158 1565 cum
1186 1500 1279 1565 rebus
1308 1499 1487 1565 aDiodoro

248 1607 396 1675 similiter
418 1610 451 1674 in
475 1629 500 1675 c.
519 1612 561 1674 72
585 1611 721 1676 narratis
737 1609 885 1676 Hicetam
909 1608 1139 1674 aTimoleonte
1163 1611 1305 1674 coactum
1321 1607 1489 1693 tyrannide

249 1738 317 1783 sese
346 1717 564 1784 abdicaturum
592 1719 770 1805 pollicitum
798 1739 867 1784 esse
897 1717 1012 1784 diserte
1036 1716 1137 1782 affert.
1185 1716 1248 1781 Sed
1270 1716 1399 1781 maioris
1422 1735 1488 1780 mo-

248 1827 348 1891 menti
371 1831 434 1907 est,
464 1826 547 1912 quod
570 1826 707 1893 Diodoro
731 1831 858 1893 auctore
883 1829 952 1913 (78,
970 1828 1002 1910 2)
1027 1826 1066 1888 τὰ
1090 1824 1203 1910 πλήθη
1227 1863 1268 1870 -
1293 1823 1487 1903 mercenarii,

248 1932 453 2020 Syracusani,
490 1935 566 2001 socii
597 1975 638 1982 -
668 1956 763 2021 quam
791 1934 953 2001 celerrime
982 1936 1014 1999 in
1042 1933 1193 1998 barbaros
1220 1952 1288 1997 sese
1312 1931 1382 1995 duci
1405 1928 1489 1997 velle

247 2063 371 2107 summo
400 2042 510 2108 ardore
539 2041 770 2124 clamaverunt,
801 2063 818 2108 e
846 2040 1012 2107 Plutarchi
1041 2044 1147 2106 autem
1176 2040 1329 2106 relatione
1358 2042 1398 2125 (o.
1430 2040 1489 2123 25)

248 2149 516 2236 Syracusanorum
545 2153 643 2216 animi
666 2155 791 2218 tantum
814 2152 986 2237 compressi
1008 2153 1112 2229 erant,
1142 2152 1178 2214 ut
1200 2169 1293 2231 aegre
1316 2150 1379 2212 tria
1401 2146 1491 2211 milia

249 2280 338 2324 anna
372 2279 483 2346 capere
513 2259 673 2325 auderent.
727 2257 848 2325 Deinde
879 2258 917 2324 de
945 2278 1073 2323 numero
1097 2256 1301 2322 Timoleontis
1329 2257 1490 2341 copiarum

249 2366 331 2434 alius
354 2357 450 2433 aliam
474 2370 629 2433 rationem
652 2369 801 2454 sequitur.
841 2366 997 2433 Diodorus
1021 2367 1104 2432 enim
1127 2365 1236 2445 tradit,
1261 2362 1491 2429 Timoleontem

249 2496 312 2541 non
329 2475 400 2562 plus
429 2476 591 2542 duodecim
620 2476 710 2541 milia
738 2478 864 2542 omnino
893 2496 997 2542 secum
1026 2474 1161 2556 duxisse,
1186 2474 1236 2538 eui
1258 2492 1386 2537 numero
1410 2491 1490 2557 quae

250 2584 460 2669 subsequatur
483 2582 578 2669 plane
602 2584 806 2670 respondent:
842 2584 1056 2660 ἑξαπλασίους
1078 2584 1140 2669 γὰρ
1162 2581 1258 2655 ὄντας
1275 2582 1346 2654 τοὺς
1361 2586 1491 2665 Καρχη-

247 2691 371 2766 δυνίυυς
398 2692 454 2755 κτλ
478 2694 546 2778 (78,
563 2694 596 2778 5)
625 2694 664 2759 cf.
691 2695 743 2776 77,
767 2700 786 2756 4
809 2696 912 2776 (εἶχον
934 2692 969 2756 δὲ
997 2691 1191 2774 σύμπαντας
1220 2729 1261 2736 -
1292 2689 1410 2764 πεζοὺς
1431 2687 1491 2769 μὲν

248 2800 379 2871 πλείους
403 2804 464 2864 τῶν
486 2799 752 2889 ἑπτακισμυρίων,
774 2801 886 2876 ἱππεῖς
908 2801 943 2865 δὲ
966 2800 1018 2864 καὶ
1033 2797 1162 2886 ἅρματα
1177 2799 1230 2862 καὶ
1245 2797 1419 2884 συνωρίδας
1435 2794 1492 2862 υῦιι

248 2907 395 2983 ἐλάττους
419 2912 482 2973 τῶν
503 2909 648 2997 μυρίων).
696 2904 871 2977 Diodereus
894 2910 990 2993 igitur
1013 2909 1083 2974 fons
1112 2907 1252 2993 peditum
1288 2907 1491 2992 equitumque

249 3038 394 3085 numeros
430 3040 569 3086 seorsum
605 3018 700 3085 dedit.
754 3017 944 3085 Plutarchus
972 3038 1009 3083 eo
1043 3012 1162 3095 differt,
1198 3014 1281 3101 quod
1309 3015 1373 3078 tria
1401 3013 1492 3077 milia

249 3125 518 3211 Syracusanorum
540 3131 574 3193 et
595 3132 730 3215 quatuor
752 3126 1014 3194 mercenariorum
1031 3123 1259 3190 Timoleontem
1283 3126 1406 3189 secutos
1423 3142 1490 3187 esse

248 3234 382 3317 indicat3
418 3235 609 3322 reliquorum
637 3236 829 3315 Siculorum,
866 3235 920 3321 qui
948 3235 980 3298 in
1008 3254 1113 3319 pugna
1142 3235 1183 3318 (c.
1210 3233 1267 3315 27)
1303 3249 1492 3295 commemo-

250 3347 360 3409 rantur
369 3344 409 3428 ¹),
439 3343 561 3410 nullam
589 3345 780 3411 mentionem
810 3343 900 3420 facit,
930 3341 1012 3427 quod
1041 3362 1103 3427 per·
1121 3361 1153 3406 se
1177 3338 1258 3404 nihil
1287 3338 1408 3404 valeret
1431 3338 1491 3402 nisi

250 3473 288 3517 ne
324 3456 483 3518 auctorem
519 3456 585 3519 eius
620 3452 746 3539 quidem
775 3451 812 3517 de
842 3452 995 3516 sociorum
1024 3469 1151 3517 numero
1180 3446 1254 3533 quid
1282 3445 1491 3511 tradidissee

249 3561 451 3646 sequentibus
474 3561 578 3627 verbis
601 3561 671 3627 luce
689 3559 804 3627 elarius
821 3562 913 3625 esset.
951 3557 1030 3624 Cum
1046 3557 1248 3643 septuaginta
1263 3554 1346 3619 enim
1363 3552 1490 3619 milibus

251 3668 387 3734 hostium
404 3668 457 3755 (of.
476 3667 571 3754 paulo
588 3673 662 3734 ante
679 3668 765 3734 dicta
787 3668 925 3745 ἄγοντας
948 3665 1032 3730 ἑπτὰ
1046 3663 1202 3750 μυριάδας
1224 3663 1367 3749 στρατοῦ,
1393 3663 1492 3728 idest

124 3784 136 3799 “
250 3781 283 3843 et
310 3777 452 3863 pediturn
481 3781 513 3842 et
541 3778 696 3863 equiturn)
733 3775 821 3841 mille
856 3776 1057 3841 mercenariis
1091 3772 1158 3838 illis
1186 3772 1328 3837 deductis
1356 3772 1491 3858 quinque

250 3885 339 3951 milia
367 3884 508 3972 peditum
537 3889 570 3950 et
592 3884 681 3949 mille
710 3887 831 3970 equites
859 3888 1095 3970 comparantur,
1125 3880 1209 3967 quod
1231 3901 1402 3966 numquam
1426 3879 1493 3944 fieri

250 3994 363 4080 potuit,
388 3995 414 4059 si
439 3994 594 4059 sociorum
616 4013 763 4059 numerus
787 3992 882 4079 paulo
907 3997 979 4058 ante
1003 3992 1150 4057 definitus
1174 3993 1251 4055 erat.

340 4101 428 4168 Haec
463 4105 542 4168 satis
577 4123 645 4169 esse
679 4102 756 4168 mihi
786 4102 933 4168 videntur
961 4101 1001 4166 ad
1030 4121 1100 4166 earn
1128 4120 1223 4184 quam
1251 4118 1346 4183 supra
1374 4096 1492 4183 protuli

251 4211 442 4277 sententiam
470 4211 744 4297 comprobandam.
798 4211 833 4277 Si
861 4232 935 4277 uero
959 4208 1147 4275 Plutarchus
1175 4206 1304 4272 Timaeo
1331 4207 1365 4271 in
1388 4205 1493 4271 Timo-

252 4319 367 4386 leontis
391 4320 459 4385 uita
482 4320 706 4388 conscribenda
728 4323 878 4407 primario
902 4318 954 4384 vel
978 4318 1055 4383 adeo
1079 4319 1169 4382 unico
1186 4306 1319 4382 'auctore
1343 4335 1417 4380 usus
1433 4318 1493 4396 est,

327 4556 345 4628 ¹)
365 4561 398 4617 τὰ
415 4563 465 4629 μὲν
483 4563 581 4631 κέρατα
600 4565 654 4626 ταῖς
671 4559 761 4624 ἄλλοις
780 4559 944 4622 Σικελιώταις
962 4560 1096 4613 ἀπέδωκεν
1113 4556 1167 4611 κτλ.
