<?xml version="1.0" encoding="UTF-8"?>
<!DOCTYPE html PUBLIC "-//W3C//DTD XHTML 1.0 Transitional//EN"
    "http://www.w3.org/TR/xhtml1/DTD/xhtml1-transitional.dtd">
<html xmlns="http://www.w3.org/1999/xhtml" xml:lang="en" lang="en">
 <head>
  <title>
</title>
<meta http-equiv="Content-Type" content="text/html;charset=utf-8" />
  <meta name='ocr-system' content='tesseract 3.04.00' />
  <meta name='ocr-capabilities' content='ocr_page ocr_carea ocr_par ocr_line ocrx_word'/>
</head>
<body>
  <div class='ocr_page' id='page_1' title='image "./defontibusdemos01sturgoog_0013.png"; bbox 0 0 3442 5134; ppageno 0'>
   <div class='ocr_carea' id='block_1_1' title="bbox 732 345 928 495">
    <p class='ocr_par' dir='ltr' id='par_1_1' title="bbox 732 345 928 495">
     <span class='ocr_line' id='line_1_1' title="bbox 732 345 928 495; baseline 0 -51"><span class='ocrx_word' id='word_1_1' title='bbox 732 345 928 495; x_wconf 47' lang='grc' dir='ltr'>..μ</span> 
     </span>
    </p>
   </div>
   <div class='ocr_carea' id='block_1_2' title="bbox 144 573 1522 1745">
    <p class='ocr_par' dir='ltr' id='par_1_2' title="bbox 144 573 1522 1745">
     <span class='ocr_line' id='line_1_2' title="bbox 208 573 1449 664; baseline 0 -24"><span class='ocrx_word' id='word_1_2' title='bbox 208 582 303 660; x_wconf 77' lang='grc' dir='ltr'><strong><em>νομέα</em></strong></span> <span class='ocrx_word' id='word_1_3' title='bbox 326 579 505 664; x_wconf 75' lang='grc' dir='ltr'><strong><em>διαφέρων,</em></strong></span> <span class='ocrx_word' id='word_1_4' title='bbox 532 576 724 659; x_wconf 74' lang='grc' dir='ltr'><strong><em>κατελάβετο</em></strong></span> <span class='ocrx_word' id='word_1_5' title='bbox 746 575 806 658; x_wconf 75' lang='grc' dir='ltr'>μὲν</span> <span class='ocrx_word' id='word_1_6' title='bbox 829 575 863 639; x_wconf 82' lang='grc' dir='ltr'>τὸ</span> <span class='ocrx_word' id='word_1_7' title='bbox 887 575 922 639; x_wconf 75' lang='grc' dir='ltr'>ἐν</span> <span class='ocrx_word' id='word_1_8' title='bbox 944 575 1085 659; x_wconf 77' lang='grc' dir='ltr'><em>Δελφοῖς</em></span> <span class='ocrx_word' id='word_1_9' title='bbox 1112 573 1213 661; x_wconf 75' lang='grc' dir='ltr'>ἱερὸν,</span> <span class='ocrx_word' id='word_1_10' title='bbox 1241 575 1386 651; x_wconf 74' lang='grc' dir='ltr'><strong><em>ἐξέκαυσε</em></strong></span> <span class='ocrx_word' id='word_1_11' title='bbox 1414 578 1449 641; x_wconf 75' lang='grc' dir='ltr'>δὲ</span> 
     </span>
     <span class='ocr_line' id='line_1_3' title="bbox 209 682 1448 772; baseline 0.002 -24"><span class='ocrx_word' id='word_1_12' title='bbox 209 685 264 748; x_wconf 81' lang='grc' dir='ltr'>τὸν</span> <span class='ocrx_word' id='word_1_13' title='bbox 286 683 372 772; x_wconf 71' lang='grc' dir='ltr'><strong><em>ἱερὸν</em></strong></span> <span class='ocrx_word' id='word_1_14' title='bbox 394 685 539 768; x_wconf 77' lang='grc' dir='ltr'><em>πόλεμον</em></span> <span class='ocrx_word' id='word_1_15' title='bbox 560 684 614 749; x_wconf 77' lang='grc' dir='ltr'>διὰ</span> <span class='ocrx_word' id='word_1_16' title='bbox 636 685 755 758; x_wconf 80' lang='grc' dir='ltr'><strong><em>ταύτας</em></strong></span> <span class='ocrx_word' id='word_1_17' title='bbox 772 685 828 758; x_wconf 86' lang='grc' dir='ltr'>τὰς</span> <span class='ocrx_word' id='word_1_18' title='bbox 843 685 956 758; x_wconf 78' lang='grc' dir='ltr'><strong><em>αἰτίας.</em></strong></span> <span class='ocrx_word' id='word_1_19' title='bbox 997 682 1098 761; x_wconf 80' lang='lat' dir='ltr'>Quam</span> <span class='ocrx_word' id='word_1_20' title='bbox 1114 684 1140 749; x_wconf 89' lang='lat' dir='ltr'>si</span> <span class='ocrx_word' id='word_1_21' title='bbox 1156 685 1448 770; x_wconf 75' lang='lat' dir='ltr'>interpretationem</span> 
     </span>
     <span class='ocr_line' id='line_1_4' title="bbox 207 791 1449 879; baseline 0.004 -22"><span class='ocrx_word' id='word_1_22' title='bbox 207 792 354 879; x_wconf 83' lang='lat' dir='ltr'>probari,</span> <span class='ocrx_word' id='word_1_23' title='bbox 383 792 416 858; x_wconf 94' lang='lat' dir='ltr'>id</span> <span class='ocrx_word' id='word_1_24' title='bbox 439 812 562 879; x_wconf 89' lang='lat' dir='ltr'>quoque</span> <span class='ocrx_word' id='word_1_25' title='bbox 585 792 736 859; x_wconf 77' lang='lat' dir='ltr'>facillime</span> <span class='ocrx_word' id='word_1_26' title='bbox 759 791 970 875; x_wconf 81' lang='lat' dir='ltr'>intellegitur,</span> <span class='ocrx_word' id='word_1_27' title='bbox 999 793 1053 878; x_wconf 88' lang='lat' dir='ltr'>qui</span> <span class='ocrx_word' id='word_1_28' title='bbox 1075 793 1195 858; x_wconf 86' lang='lat' dir='ltr'>facturn</span> <span class='ocrx_word' id='word_1_29' title='bbox 1218 794 1276 875; x_wconf 89' lang='lat' dir='ltr'>sit,</span> <span class='ocrx_word' id='word_1_30' title='bbox 1304 800 1342 860; x_wconf 91' lang='lat' dir='ltr'>ut</span> <span class='ocrx_word' id='word_1_31' title='bbox 1367 798 1449 862; x_wconf 87' lang='lat' dir='ltr'>mira</span> 
     </span>
     <span class='ocr_line' id='line_1_5' title="bbox 209 900 1448 987; baseline 0.003 -21"><span class='ocrx_word' id='word_1_32' title='bbox 209 900 347 987; x_wconf 91' lang='lat' dir='ltr'>quadam</span> <span class='ocrx_word' id='word_1_33' title='bbox 366 900 503 968; x_wconf 84' lang='lat' dir='ltr'>·levitate</span> <span class='ocrx_word' id='word_1_34' title='bbox 527 921 564 968; x_wconf 90' lang='lat' dir='ltr'>ac</span> <span class='ocrx_word' id='word_1_35' title='bbox 585 901 785 985; x_wconf 80' lang='lat' dir='ltr'>neglegentia</span> <span class='ocrx_word' id='word_1_36' title='bbox 806 901 855 967; x_wconf 90' lang='lat' dir='ltr'>bis</span> <span class='ocrx_word' id='word_1_37' title='bbox 872 900 982 966; x_wconf 88' lang='lat' dir='ltr'>eadem</span> <span class='ocrx_word' id='word_1_38' title='bbox 998 922 1015 966; x_wconf 87' lang='lat' dir='ltr'>a</span> <span class='ocrx_word' id='word_1_39' title='bbox 1032 900 1165 967; x_wconf 87' lang='lat' dir='ltr'>diversis</span> <span class='ocrx_word' id='word_1_40' title='bbox 1181 903 1320 969; x_wconf 89' lang='lat' dir='ltr'>fontibus</span> <span class='ocrx_word' id='word_1_41' title='bbox 1337 925 1357 968; x_wconf 92' lang='lat' dir='ltr'>a</span> <span class='ocrx_word' id='word_1_42' title='bbox 1372 903 1448 970; x_wconf 91' lang='lat' dir='ltr'>Dio-</span> 
     </span>
     <span class='ocr_line' id='line_1_6' title="bbox 210 1008 1522 1098; baseline 0.003 -24"><span class='ocrx_word' id='word_1_43' title='bbox 210 1008 285 1074; x_wconf 93' lang='lat' dir='ltr'>doro</span> <span class='ocrx_word' id='word_1_44' title='bbox 313 1013 542 1097; x_wconf 81' lang='lat' dir='ltr'>exponerentur</span> <span class='ocrx_word' id='word_1_45' title='bbox 568 1030 668 1096; x_wconf 87' lang='lat' dir='ltr'>neque</span> <span class='ocrx_word' id='word_1_46' title='bbox 697 1030 735 1075; x_wconf 90' lang='lat' dir='ltr'>ea</span> <span class='ocrx_word' id='word_1_47' title='bbox 763 1029 842 1096; x_wconf 90' lang='lat' dir='ltr'>quae</span> <span class='ocrx_word' id='word_1_48' title='bbox 872 1029 911 1074; x_wconf 89' lang='lat' dir='ltr'>cx</span> <span class='ocrx_word' id='word_1_49' title='bbox 938 1009 1041 1094; x_wconf 88' lang='lat' dir='ltr'>priore</span> <span class='ocrx_word' id='word_1_50' title='bbox 1069 1010 1155 1075; x_wconf 85' lang='lat' dir='ltr'>fonte</span> <span class='ocrx_word' id='word_1_51' title='bbox 1183 1011 1305 1075; x_wconf 89' lang='lat' dir='ltr'>narrari</span> <span class='ocrx_word' id='word_1_52' title='bbox 1336 1016 1448 1098; x_wconf 89' lang='lat' dir='ltr'>coepta</span> <span class='ocrx_word' id='word_1_53' title='bbox 1518 1052 1522 1055; x_wconf 91' lang='lat'><em>·</em></span> 
     </span>
     <span class='ocr_line' id='line_1_7' title="bbox 209 1112 1447 1199; baseline 0.003 -17"><span class='ocrx_word' id='word_1_54' title='bbox 209 1121 313 1199; x_wconf 85' lang='lat' dir='ltr'>erant,</span> <span class='ocrx_word' id='word_1_55' title='bbox 343 1138 381 1183; x_wconf 90' lang='lat' dir='ltr'>ex</span> <span class='ocrx_word' id='word_1_56' title='bbox 405 1117 506 1183; x_wconf 88' lang='lat' dir='ltr'>altero</span> <span class='ocrx_word' id='word_1_57' title='bbox 530 1118 795 1183; x_wconf 87' lang='lat' dir='ltr'>continuarentur.</span> <span class='ocrx_word' id='word_1_58' title='bbox 844 1112 977 1182; x_wconf 86' lang='lat' dir='ltr'>Videtur</span> <span class='ocrx_word' id='word_1_59' title='bbox 999 1117 1082 1182; x_wconf 89' lang='lat' dir='ltr'>enim</span> <span class='ocrx_word' id='word_1_60' title='bbox 1106 1116 1262 1183; x_wconf 90' lang='lat' dir='ltr'>Diodorus</span> <span class='ocrx_word' id='word_1_61' title='bbox 1286 1137 1303 1184; x_wconf 88' lang='lat' dir='ltr'>e</span> <span class='ocrx_word' id='word_1_62' title='bbox 1328 1119 1447 1187; x_wconf 90' lang='lat' dir='ltr'>duobus</span> 
     </span>
     <span class='ocr_line' id='line_1_8' title="bbox 208 1223 1447 1313; baseline 0.004 -24"><span class='ocrx_word' id='word_1_63' title='bbox 208 1225 347 1292; x_wconf 89' lang='lat' dir='ltr'>fontibus</span> <span class='ocrx_word' id='word_1_64' title='bbox 370 1225 527 1307; x_wconf 77' lang='lat' dir='ltr'>hausisse,</span> <span class='ocrx_word' id='word_1_65' title='bbox 556 1247 689 1313; x_wconf 84' lang='lat' dir='ltr'>quorum</span> <span class='ocrx_word' id='word_1_66' title='bbox 711 1229 843 1312; x_wconf 90' lang='lat' dir='ltr'>uterque</span> <span class='ocrx_word' id='word_1_67' title='bbox 866 1246 990 1291; x_wconf 88' lang='lat' dir='ltr'>sacrum</span> <span class='ocrx_word' id='word_1_68' title='bbox 1013 1223 1133 1291; x_wconf 91' lang='lat' dir='ltr'>bellum</span> <span class='ocrx_word' id='word_1_69' title='bbox 1156 1246 1237 1292; x_wconf 91' lang='lat' dir='ltr'>anno</span> <span class='ocrx_word' id='word_1_70' title='bbox 1261 1227 1328 1292; x_wconf 83' lang='lat'>354</span> <span class='ocrx_word' id='word_1_71' title='bbox 1351 1231 1447 1295; x_wconf 90' lang='lat' dir='ltr'>annis</span> 
     </span>
     <span class='ocr_line' id='line_1_9' title="bbox 144 1334 1447 1422; baseline 0.002 -24"><span class='ocrx_word' id='word_1_72' title='bbox 144 1360 148 1367; x_wconf 67' lang='grc'>’</span> <span class='ocrx_word' id='word_1_73' title='bbox 208 1334 275 1416; x_wconf 83' lang='lat' dir='ltr'>geri</span> <span class='ocrx_word' id='word_1_74' title='bbox 302 1338 448 1421; x_wconf 87' lang='lat' dir='ltr'>coeptum</span> <span class='ocrx_word' id='word_1_75' title='bbox 477 1355 544 1401; x_wconf 90' lang='lat' dir='ltr'>esse</span> <span class='ocrx_word' id='word_1_76' title='bbox 572 1335 720 1417; x_wconf 82' lang='lat' dir='ltr'>tradidit,</span> <span class='ocrx_word' id='word_1_77' title='bbox 750 1337 844 1421; x_wconf 91' lang='lat' dir='ltr'>atque</span> <span class='ocrx_word' id='word_1_78' title='bbox 874 1353 945 1400; x_wconf 90' lang='lat' dir='ltr'>oum</span> <span class='ocrx_word' id='word_1_79' title='bbox 972 1334 1090 1419; x_wconf 91' lang='lat' dir='ltr'>priore,</span> <span class='ocrx_word' id='word_1_80' title='bbox 1119 1354 1137 1398; x_wconf 92' lang='lat' dir='ltr'>e</span> <span class='ocrx_word' id='word_1_81' title='bbox 1165 1354 1226 1420; x_wconf 89' lang='lat' dir='ltr'>quo</span> <span class='ocrx_word' id='word_1_82' title='bbox 1250 1354 1361 1401; x_wconf 89' lang='lat' dir='ltr'>causas</span> <span class='ocrx_word' id='word_1_83' title='bbox 1383 1337 1447 1422; x_wconf 93' lang='lat' dir='ltr'>pri-</span> 
     </span>
     <span class='ocr_line' id='line_1_10' title="bbox 208 1440 1447 1531; baseline 0.003 -25"><span class='ocrx_word' id='word_1_84' title='bbox 208 1441 391 1528; x_wconf 86' lang='lat' dir='ltr'>mordiaque</span> <span class='ocrx_word' id='word_1_85' title='bbox 407 1442 485 1508; x_wconf 90' lang='lat' dir='ltr'>belli</span> <span class='ocrx_word' id='word_1_86' title='bbox 501 1442 726 1529; x_wconf 77' lang='lat' dir='ltr'>explicaverat,</span> <span class='ocrx_word' id='word_1_87' title='bbox 744 1443 791 1507; x_wconf 88' lang='lat' dir='ltr'>ita</span> <span class='ocrx_word' id='word_1_88' title='bbox 806 1440 904 1507; x_wconf 89' lang='lat' dir='ltr'>alium</span> <span class='ocrx_word' id='word_1_89' title='bbox 921 1445 1140 1523; x_wconf 81' lang='lat' dir='ltr'>commutasse,</span> <span class='ocrx_word' id='word_1_90' title='bbox 1157 1446 1194 1507; x_wconf 90' lang='lat' dir='ltr'>ut</span> <span class='ocrx_word' id='word_1_91' title='bbox 1209 1442 1328 1509; x_wconf 88' lang='lat' dir='ltr'>bellum</span> <span class='ocrx_word' id='word_1_92' title='bbox 1344 1445 1447 1531; x_wconf 88' lang='lat' dir='ltr'>ipsum</span> 
     </span>
     <span class='ocr_line' id='line_1_11' title="bbox 208 1548 1447 1637; baseline 0.001 -22"><span class='ocrx_word' id='word_1_93' title='bbox 208 1570 246 1615; x_wconf 92' lang='lat' dir='ltr'>ex</span> <span class='ocrx_word' id='word_1_94' title='bbox 269 1548 328 1616; x_wconf 91' lang='lat' dir='ltr'>hoc</span> <span class='ocrx_word' id='word_1_95' title='bbox 351 1571 480 1616; x_wconf 89' lang='lat' dir='ltr'>narrare</span> <span class='ocrx_word' id='word_1_96' title='bbox 504 1550 613 1632; x_wconf 87' lang='lat' dir='ltr'>vellet,</span> <span class='ocrx_word' id='word_1_97' title='bbox 637 1550 694 1617; x_wconf 92' lang='lat' dir='ltr'>sed</span> <span class='ocrx_word' id='word_1_98' title='bbox 716 1571 827 1637; x_wconf 83' lang='lat' dir='ltr'>parurn</span> <span class='ocrx_word' id='word_1_99' title='bbox 851 1548 1021 1636; x_wconf 84' lang='lat' dir='ltr'>prudenter</span> <span class='ocrx_word' id='word_1_100' title='bbox 1044 1570 1114 1615; x_wconf 82' lang='lat' dir='ltr'>curn</span> <span class='ocrx_word' id='word_1_101' title='bbox 1134 1551 1227 1617; x_wconf 90' lang='lat' dir='ltr'>rebus</span> <span class='ocrx_word' id='word_1_102' title='bbox 1242 1551 1276 1616; x_wconf 89' lang='lat' dir='ltr'>in</span> <span class='ocrx_word' id='word_1_103' title='bbox 1292 1572 1317 1618; x_wconf 93' lang='lat' dir='ltr'>c.</span> <span class='ocrx_word' id='word_1_104' title='bbox 1336 1554 1379 1618; x_wconf 88' lang='lat'>30</span> <span class='ocrx_word' id='word_1_105' title='bbox 1395 1573 1447 1618; x_wconf 89' lang='lat' dir='ltr'>ex-</span> 
     </span>
     <span class='ocr_line' id='line_1_12' title="bbox 208 1658 1445 1745; baseline 0.002 -21"><span class='ocrx_word' id='word_1_106' title='bbox 208 1658 319 1744; x_wconf 89' lang='lat' dir='ltr'>positis</span> <span class='ocrx_word' id='word_1_107' title='bbox 343 1659 514 1723; x_wconf 89' lang='lat' dir='ltr'>maximam</span> <span class='ocrx_word' id='word_1_108' title='bbox 531 1663 656 1745; x_wconf 88' lang='lat' dir='ltr'>partem</span> <span class='ocrx_word' id='word_1_109' title='bbox 672 1679 778 1723; x_wconf 89' lang='lat' dir='ltr'>earum</span> <span class='ocrx_word' id='word_1_110' title='bbox 794 1679 873 1744; x_wconf 89' lang='lat' dir='ltr'>quas</span> <span class='ocrx_word' id='word_1_111' title='bbox 890 1658 954 1723; x_wconf 89' lang='lat' dir='ltr'>iam</span> <span class='ocrx_word' id='word_1_112' title='bbox 972 1677 988 1722; x_wconf 98' lang='lat' dir='ltr'>e</span> <span class='ocrx_word' id='word_1_113' title='bbox 1004 1658 1107 1743; x_wconf 93' lang='lat' dir='ltr'>priore</span> <span class='ocrx_word' id='word_1_114' title='bbox 1124 1659 1210 1724; x_wconf 83' lang='lat' dir='ltr'>sonte</span> <span class='ocrx_word' id='word_1_115' title='bbox 1225 1659 1445 1743; x_wconf 88' lang='lat' dir='ltr'>transtulerat,</span> 
     </span>
    </p>
   </div>
   <div class='ocr_carea' id='block_1_3' title="bbox 207 1763 1570 1848">
    <p class='ocr_par' dir='ltr' id='par_1_3' title="bbox 207 1763 1570 1848">
     <span class='ocr_line' id='line_1_13' title="bbox 207 1763 1570 1848; baseline 0.004 -18"><span class='ocrx_word' id='word_1_116' title='bbox 207 1766 322 1831; x_wconf 88' lang='lat' dir='ltr'>iterum</span> <span class='ocrx_word' id='word_1_117' title='bbox 339 1765 537 1831; x_wconf 85' lang='lat' dir='ltr'>exscriberet.</span> <span class='ocrx_word' id='word_1_118' title='bbox 578 1763 646 1843; x_wconf 78' lang='lat' dir='ltr'>Qua</span> <span class='ocrx_word' id='word_1_119' title='bbox 661 1765 694 1830; x_wconf 91' lang='lat' dir='ltr'>in</span> <span class='ocrx_word' id='word_1_120' title='bbox 709 1785 743 1830; x_wconf 91' lang='lat' dir='ltr'>re</span> <span class='ocrx_word' id='word_1_121' title='bbox 759 1784 879 1830; x_wconf 89' lang='lat' dir='ltr'>morem</span> <span class='ocrx_word' id='word_1_122' title='bbox 895 1786 986 1830; x_wconf 91' lang='lat' dir='ltr'>suum</span> <span class='ocrx_word' id='word_1_123' title='bbox 1002 1765 1191 1848; x_wconf 83' lang='lat' dir='ltr'>observarit,</span> <span class='ocrx_word' id='word_1_124' title='bbox 1208 1770 1245 1832; x_wconf 88' lang='lat' dir='ltr'>ut</span> <span class='ocrx_word' id='word_1_125' title='bbox 1261 1768 1446 1836; x_wconf 88' lang='lat' dir='ltr'>archontum</span> <span class='ocrx_word' id='word_1_126' title='bbox 1567 1820 1570 1823; x_wconf 66' lang='lat'>,</span> 
     </span>
    </p>
   </div>
   <div class='ocr_carea' id='block_1_4' title="bbox 204 1870 1546 4119">
    <p class='ocr_par' dir='ltr' id='par_1_4' title="bbox 206 1870 1546 2823">
     <span class='ocr_line' id='line_1_14' title="bbox 209 1870 1446 1962; baseline 0.005 -24"><span class='ocrx_word' id='word_1_127' title='bbox 209 1870 432 1958; x_wconf 89' lang='lat' dir='ltr'>consulumque</span> <span class='ocrx_word' id='word_1_128' title='bbox 460 1873 635 1938; x_wconf 89' lang='lat' dir='ltr'>rationibus</span> <span class='ocrx_word' id='word_1_129' title='bbox 663 1873 806 1958; x_wconf 88' lang='lat' dir='ltr'>aequatis</span> <span class='ocrx_word' id='word_1_130' title='bbox 833 1893 884 1938; x_wconf 90' lang='lat' dir='ltr'>res</span> <span class='ocrx_word' id='word_1_131' title='bbox 911 1871 944 1937; x_wconf 92' lang='lat' dir='ltr'>in</span> <span class='ocrx_word' id='word_1_132' title='bbox 973 1871 1082 1939; x_wconf 85' lang='lat' dir='ltr'>alteris</span> <span class='ocrx_word' id='word_1_133' title='bbox 1118 1894 1269 1940; x_wconf 87' lang='lat' dir='ltr'>annorum</span> <span class='ocrx_word' id='word_1_134' title='bbox 1303 1878 1446 1962; x_wconf 84' lang='lat' dir='ltr'>partibus</span> 
     </span>
     <span class='ocr_line' id='line_1_15' title="bbox 208 1978 1446 2067; baseline 0.005 -22"><span class='ocrx_word' id='word_1_135' title='bbox 208 1983 315 2062; x_wconf 82' lang='lat' dir='ltr'>gestas</span> <span class='ocrx_word' id='word_1_136' title='bbox 330 1979 486 2066; x_wconf 89' lang='lat' dir='ltr'>prioribus</span> <span class='ocrx_word' id='word_1_137' title='bbox 501 1981 654 2046; x_wconf 87' lang='lat' dir='ltr'>tribueret</span> <span class='ocrx_word' id='word_1_138' title='bbox 665 1982 698 2066; x_wconf 92' lang='lat'>¹).</span> <span class='ocrx_word' id='word_1_139' title='bbox 734 1979 804 2046; x_wconf 88' lang='lat' dir='ltr'>Hac</span> <span class='ocrx_word' id='word_1_140' title='bbox 819 1979 1029 2067; x_wconf 85' lang='lat' dir='ltr'>explicatione</span> <span class='ocrx_word' id='word_1_141' title='bbox 1045 1981 1188 2064; x_wconf 85' lang='lat' dir='ltr'>efficitur,</span> <span class='ocrx_word' id='word_1_142' title='bbox 1205 1978 1378 2049; x_wconf 86' lang='lat' dir='ltr'>Diodorum</span> <span class='ocrx_word' id='word_1_143' title='bbox 1392 2007 1446 2051; x_wconf 88' lang='lat' dir='ltr'>ne-</span> 
     </span>
     <span class='ocr_line' id='line_1_16' title="bbox 207 2087 1444 2176; baseline 0.006 -24"><span class='ocrx_word' id='word_1_144' title='bbox 207 2107 267 2174; x_wconf 90' lang='lat' dir='ltr'>que</span> <span class='ocrx_word' id='word_1_145' title='bbox 283 2108 303 2152; x_wconf 91' lang='lat' dir='ltr'>a</span> <span class='ocrx_word' id='word_1_146' title='bbox 317 2087 508 2175; x_wconf 89' lang='lat' dir='ltr'>reliquomm</span> <span class='ocrx_word' id='word_1_147' title='bbox 524 2088 715 2154; x_wconf 89' lang='lat' dir='ltr'>testimoniis</span> <span class='ocrx_word' id='word_1_148' title='bbox 731 2088 769 2154; x_wconf 92' lang='lat' dir='ltr'>de</span> <span class='ocrx_word' id='word_1_149' title='bbox 785 2092 927 2175; x_wconf 87' lang='lat' dir='ltr'>tempore</span> <span class='ocrx_word' id='word_1_150' title='bbox 943 2088 1027 2174; x_wconf 90' lang='lat' dir='ltr'>quod</span> <span class='ocrx_word' id='word_1_151' title='bbox 1042 2109 1165 2155; x_wconf 89' lang='lat' dir='ltr'>sacmm</span> <span class='ocrx_word' id='word_1_152' title='bbox 1177 2088 1297 2155; x_wconf 89' lang='lat' dir='ltr'>bellum</span> <span class='ocrx_word' id='word_1_153' title='bbox 1310 2091 1444 2176; x_wconf 90' lang='lat' dir='ltr'>duravit,</span> 
     </span>
     <span class='ocr_line' id='line_1_17' title="bbox 208 2195 1446 2284; baseline 0.005 -23"><span class='ocrx_word' id='word_1_154' title='bbox 208 2195 374 2263; x_wconf 88' lang='lat' dir='ltr'>abhorrere</span> <span class='ocrx_word' id='word_1_155' title='bbox 397 2217 497 2283; x_wconf 89' lang='lat' dir='ltr'>neque</span> <span class='ocrx_word' id='word_1_156' title='bbox 520 2198 581 2262; x_wconf 89' lang='lat' dir='ltr'>sibi</span> <span class='ocrx_word' id='word_1_157' title='bbox 604 2199 665 2284; x_wconf 91' lang='lat' dir='ltr'>ipsi</span> <span class='ocrx_word' id='word_1_158' title='bbox 690 2201 730 2284; x_wconf 89' lang='lat' dir='ltr'>(c.</span> <span class='ocrx_word' id='word_1_159' title='bbox 755 2198 808 2280; x_wconf 83' lang='grc'>59,</span> <span class='ocrx_word' id='word_1_160' title='bbox 827 2198 857 2283; x_wconf 90' lang='grc'>1)</span> <span class='ocrx_word' id='word_1_161' title='bbox 874 2217 1063 2283; x_wconf 77' lang='lat' dir='ltr'>repugnam3</span> <span class='ocrx_word' id='word_1_162' title='bbox 1087 2219 1160 2263; x_wconf 89' lang='lat' dir='ltr'>nam</span> <span class='ocrx_word' id='word_1_163' title='bbox 1176 2219 1339 2264; x_wconf 86' lang='lat' dir='ltr'>numerum</span> <span class='ocrx_word' id='word_1_164' title='bbox 1355 2199 1446 2267; x_wconf 90' lang='lat' dir='ltr'>illum</span> 
     </span>
     <span class='ocr_line' id='line_1_18' title="bbox 207 2304 1446 2392; baseline 0.004 -22"><span class='ocrx_word' id='word_1_165' title='bbox 207 2304 314 2371; x_wconf 86' lang='lat' dir='ltr'>decem</span> <span class='ocrx_word' id='word_1_166' title='bbox 338 2325 490 2371; x_wconf 88' lang='lat' dir='ltr'>annorum</span> <span class='ocrx_word' id='word_1_167' title='bbox 513 2325 575 2370; x_wconf 92' lang='lat' dir='ltr'>non</span> <span class='ocrx_word' id='word_1_168' title='bbox 603 2306 650 2370; x_wconf 92' lang='lat' dir='ltr'>ita</span> <span class='ocrx_word' id='word_1_169' title='bbox 677 2304 925 2388; x_wconf 81' lang='lat' dir='ltr'>intellegendum</span> <span class='ocrx_word' id='word_1_170' title='bbox 953 2325 1036 2387; x_wconf 86' lang='lat' dir='ltr'>esse,</span> <span class='ocrx_word' id='word_1_171' title='bbox 1065 2308 1102 2369; x_wconf 88' lang='lat' dir='ltr'>ut</span> <span class='ocrx_word' id='word_1_172' title='bbox 1129 2326 1185 2392; x_wconf 87' lang='lat' dir='ltr'>par</span> <span class='ocrx_word' id='word_1_173' title='bbox 1213 2305 1333 2383; x_wconf 40' lang='lat' dir='ltr'>decem,</span> <span class='ocrx_word' id='word_1_174' title='bbox 1348 2328 1446 2375; x_wconf 90' lang='lat' dir='ltr'>annos</span> 
     </span>
     <span class='ocr_line' id='line_1_19' title="bbox 207 2410 1446 2499; baseline 0.004 -23"><span class='ocrx_word' id='word_1_175' title='bbox 207 2410 325 2477; x_wconf 90' lang='lat' dir='ltr'>bellum</span> <span class='ocrx_word' id='word_1_176' title='bbox 349 2415 472 2496; x_wconf 84' lang='lat' dir='ltr'>gestum</span> <span class='ocrx_word' id='word_1_177' title='bbox 496 2411 573 2478; x_wconf 74' lang='lat' dir='ltr'>esse&#39;</span> <span class='ocrx_word' id='word_1_178' title='bbox 589 2412 796 2494; x_wconf 88' lang='lat' dir='ltr'>existimetur,</span> <span class='ocrx_word' id='word_1_179' title='bbox 820 2412 853 2477; x_wconf 94' lang='lat' dir='ltr'>in</span> <span class='ocrx_word' id='word_1_180' title='bbox 876 2410 1044 2498; x_wconf 89' lang='lat' dir='ltr'>propatulo</span> <span class='ocrx_word' id='word_1_181' title='bbox 1065 2416 1128 2495; x_wconf 85' lang='lat' dir='ltr'>est3</span> <span class='ocrx_word' id='word_1_182' title='bbox 1152 2411 1232 2478; x_wconf 88' lang='lat' dir='ltr'>nihil</span> <span class='ocrx_word' id='word_1_183' title='bbox 1249 2411 1335 2480; x_wconf 91' lang='lat' dir='ltr'>aliud</span> <span class='ocrx_word' id='word_1_184' title='bbox 1350 2417 1446 2499; x_wconf 84' lang='lat' dir='ltr'>signi-</span> 
     </span>
     <span class='ocr_line' id='line_1_20' title="bbox 207 2518 1446 2610; baseline 0.004 -25"><span class='ocrx_word' id='word_1_185' title='bbox 207 2520 291 2602; x_wconf 89' lang='lat' dir='ltr'>ficat,</span> <span class='ocrx_word' id='word_1_186' title='bbox 316 2541 410 2606; x_wconf 90' lang='lat' dir='ltr'>quam</span> <span class='ocrx_word' id='word_1_187' title='bbox 433 2519 506 2586; x_wconf 91' lang='lat' dir='ltr'>inde</span> <span class='ocrx_word' id='word_1_188' title='bbox 530 2541 550 2586; x_wconf 94' lang='lat' dir='ltr'>a</span> <span class='ocrx_word' id='word_1_189' title='bbox 571 2519 685 2608; x_wconf 89' lang='lat' dir='ltr'>templi</span> <span class='ocrx_word' id='word_1_190' title='bbox 709 2521 912 2607; x_wconf 88' lang='lat' dir='ltr'>occupatione</span> <span class='ocrx_word' id='word_1_191' title='bbox 935 2518 976 2585; x_wconf 92' lang='lat' dir='ltr'>ad</span> <span class='ocrx_word' id='word_1_192' title='bbox 999 2519 1093 2586; x_wconf 89' lang='lat' dir='ltr'>finem</span> <span class='ocrx_word' id='word_1_193' title='bbox 1117 2519 1194 2586; x_wconf 90' lang='lat' dir='ltr'>belli</span> <span class='ocrx_word' id='word_1_194' title='bbox 1215 2521 1323 2588; x_wconf 87' lang='lat' dir='ltr'>decem</span> <span class='ocrx_word' id='word_1_195' title='bbox 1344 2523 1446 2610; x_wconf 84' lang='lat' dir='ltr'>olym-</span> 
     </span>
     <span class='ocr_line' id='line_1_21' title="bbox 206 2622 1446 2715; baseline 0.003 -21"><span class='ocrx_word' id='word_1_196' title='bbox 206 2628 335 2715; x_wconf 89' lang='lat' dir='ltr'>piadum</span> <span class='ocrx_word' id='word_1_197' title='bbox 359 2649 457 2694; x_wconf 90' lang='lat' dir='ltr'>annos</span> <span class='ocrx_word' id='word_1_198' title='bbox 480 2628 616 2710; x_wconf 84' lang='lat' dir='ltr'>fluxisse,</span> <span class='ocrx_word' id='word_1_199' title='bbox 642 2628 683 2694; x_wconf 92' lang='lat' dir='ltr'>ol.</span> <span class='ocrx_word' id='word_1_200' title='bbox 711 2631 786 2710; x_wconf 84' lang='grc'>106,</span> <span class='ocrx_word' id='word_1_201' title='bbox 803 2631 943 2711; x_wconf 75' lang='lat'>2-108,</span> <span class='ocrx_word' id='word_1_202' title='bbox 959 2622 988 2693; x_wconf 76' lang='lat'>3.</span> <span class='ocrx_word' id='word_1_203' title='bbox 1035 2627 1192 2695; x_wconf 89' lang='lat' dir='ltr'>Diodorus</span> <span class='ocrx_word' id='word_1_204' title='bbox 1216 2629 1278 2696; x_wconf 92' lang='lat' dir='ltr'>alio</span> <span class='ocrx_word' id='word_1_205' title='bbox 1302 2630 1371 2697; x_wconf 91' lang='lat' dir='ltr'>loco</span> <span class='ocrx_word' id='word_1_206' title='bbox 1395 2646 1446 2699; x_wconf 63' lang='lat' dir='ltr'>ac:</span> 
     </span>
     <span class='ocr_line' id='line_1_22' title="bbox 207 2722 1546 2823; baseline 0.002 -20"><span class='ocrx_word' id='word_1_207' title='bbox 207 2737 344 2803; x_wconf 89' lang='lat' dir='ltr'>curatius</span> <span class='ocrx_word' id='word_1_208' title='bbox 360 2735 422 2802; x_wconf 89' lang='lat' dir='ltr'>alio</span> <span class='ocrx_word' id='word_1_209' title='bbox 438 2737 542 2803; x_wconf 90' lang='lat' dir='ltr'>minus</span> <span class='ocrx_word' id='word_1_210' title='bbox 558 2736 719 2803; x_wconf 88' lang='lat' dir='ltr'>subtiliter</span> <span class='ocrx_word' id='word_1_211' title='bbox 733 2736 818 2801; x_wconf 90' lang='lat' dir='ltr'>idem</span> <span class='ocrx_word' id='word_1_212' title='bbox 834 2756 904 2802; x_wconf 80' lang='lat' dir='ltr'>curn</span> <span class='ocrx_word' id='word_1_213' title='bbox 919 2734 1049 2822; x_wconf 89' lang='lat' dir='ltr'>reliquis</span> <span class='ocrx_word' id='word_1_214' title='bbox 1070 2737 1273 2823; x_wconf 91' lang='lat' dir='ltr'>scriptoribus</span> <span class='ocrx_word' id='word_1_215' title='bbox 1296 2742 1442 2806; x_wconf 89' lang='lat' dir='ltr'>testatur.</span> <span class='ocrx_word' id='word_1_216' title='bbox 1541 2722 1546 2731; x_wconf 48' lang='lat'>,</span> 
     </span>
    </p>

    <p class='ocr_par' dir='ltr' id='par_1_5' title="bbox 204 2841 1532 4119">
     <span class='ocr_line' id='line_1_23' title="bbox 298 2841 1444 2930; baseline 0.004 -22"><span class='ocrx_word' id='word_1_217' title='bbox 298 2842 350 2909; x_wconf 86' lang='lat' dir='ltr'>Sic</span> <span class='ocrx_word' id='word_1_218' title='bbox 374 2843 412 2909; x_wconf 87' lang='lat' dir='ltr'>dc</span> <span class='ocrx_word' id='word_1_219' title='bbox 437 2864 462 2909; x_wconf 88' lang='lat' dir='ltr'>e.</span> <span class='ocrx_word' id='word_1_220' title='bbox 482 2846 524 2910; x_wconf 78' lang='grc'>23</span> <span class='ocrx_word' id='word_1_221' title='bbox 548 2844 639 2909; x_wconf 88' lang='lat' dir='ltr'>initio</span> <span class='ocrx_word' id='word_1_222' title='bbox 662 2842 861 2909; x_wconf 89' lang='lat' dir='ltr'>iudicandum</span> <span class='ocrx_word' id='word_1_223' title='bbox 885 2842 964 2908; x_wconf 88' lang='lat' dir='ltr'>mihi</span> <span class='ocrx_word' id='word_1_224' title='bbox 987 2842 1121 2925; x_wconf 83' lang='lat' dir='ltr'>ridetur,</span> <span class='ocrx_word' id='word_1_225' title='bbox 1146 2844 1178 2909; x_wconf 92' lang='lat' dir='ltr'>in</span> <span class='ocrx_word' id='word_1_226' title='bbox 1201 2865 1262 2930; x_wconf 91' lang='lat' dir='ltr'>quo</span> <span class='ocrx_word' id='word_1_227' title='bbox 1285 2850 1322 2910; x_wconf 87' lang='lat' dir='ltr'>ut</span> <span class='ocrx_word' id='word_1_228' title='bbox 1344 2841 1444 2913; x_wconf 88' lang='lat' dir='ltr'>denuo</span> 
     </span>
     <span class='ocr_line' id='line_1_24' title="bbox 206 2950 1445 3037; baseline 0.003 -21"><span class='ocrx_word' id='word_1_229' title='bbox 206 2950 364 3034; x_wconf 88' lang='lat' dir='ltr'>haeream,</span> <span class='ocrx_word' id='word_1_230' title='bbox 388 2950 477 3018; x_wconf 86' lang='lat' dir='ltr'>Pack</span> <span class='ocrx_word' id='word_1_231' title='bbox 485 2952 511 3037; x_wconf 87' lang='lat'>²)</span> <span class='ocrx_word' id='word_1_232' title='bbox 528 2952 614 3017; x_wconf 86' lang='lat' dir='ltr'>facit.</span> <span class='ocrx_word' id='word_1_233' title='bbox 654 2950 801 3017; x_wconf 86' lang='lat' dir='ltr'>Auctoris</span> <span class='ocrx_word' id='word_1_234' title='bbox 817 2951 901 3016; x_wconf 89' lang='lat' dir='ltr'>enim</span> <span class='ocrx_word' id='word_1_235' title='bbox 916 2950 993 3033; x_wconf 87' lang='lat' dir='ltr'>eius,</span> <span class='ocrx_word' id='word_1_236' title='bbox 1015 2952 1064 3016; x_wconf 91' lang='lat' dir='ltr'>cui</span> <span class='ocrx_word' id='word_1_237' title='bbox 1084 2953 1255 3017; x_wconf 89' lang='lat' dir='ltr'>maximam</span> <span class='ocrx_word' id='word_1_238' title='bbox 1270 2952 1445 3020; x_wconf 89' lang='lat' dir='ltr'>Diodoreae</span> 
     </span>
     <span class='ocr_line' id='line_1_25' title="bbox 206 3058 1445 3147; baseline 0.002 -22"><span class='ocrx_word' id='word_1_239' title='bbox 206 3058 285 3125; x_wconf 90' lang='lat' dir='ltr'>belli</span> <span class='ocrx_word' id='word_1_240' title='bbox 306 3060 496 3126; x_wconf 88' lang='lat' dir='ltr'>narrationis</span> <span class='ocrx_word' id='word_1_241' title='bbox 519 3065 643 3147; x_wconf 82' lang='lat' dir='ltr'>partem</span> <span class='ocrx_word' id='word_1_242' title='bbox 669 3058 889 3143; x_wconf 77' lang='lat' dir='ltr'>xindicandam</span> <span class='ocrx_word' id='word_1_243' title='bbox 913 3061 1041 3140; x_wconf 90' lang='lat' dir='ltr'>statuit,</span> <span class='ocrx_word' id='word_1_244' title='bbox 1067 3061 1104 3124; x_wconf 88' lang='lat' dir='ltr'>ut</span> <span class='ocrx_word' id='word_1_245' title='bbox 1127 3081 1250 3125; x_wconf 89' lang='lat' dir='ltr'>summa</span> <span class='ocrx_word' id='word_1_246' title='bbox 1272 3081 1348 3144; x_wconf 84' lang='lat' dir='ltr'>erga</span> <span class='ocrx_word' id='word_1_247' title='bbox 1370 3061 1445 3128; x_wconf 90' lang='lat' dir='ltr'>deos</span> 
     </span>
     <span class='ocr_line' id='line_1_26' title="bbox 206 3165 1532 3255; baseline 0.002 -23"><span class='ocrx_word' id='word_1_248' title='bbox 206 3169 325 3254; x_wconf 86' lang='lat' dir='ltr'>pietate</span> <span class='ocrx_word' id='word_1_249' title='bbox 342 3173 436 3254; x_wconf 88' lang='lat' dir='ltr'>atque</span> <span class='ocrx_word' id='word_1_250' title='bbox 453 3169 674 3255; x_wconf 87' lang='lat' dir='ltr'>superstitione</span> <span class='ocrx_word' id='word_1_251' title='bbox 690 3166 813 3254; x_wconf 89' lang='lat' dir='ltr'>impleti</span> <span class='ocrx_word' id='word_1_252' title='bbox 829 3166 978 3232; x_wconf 91' lang='lat' dir='ltr'>Phocaici</span> <span class='ocrx_word' id='word_1_253' title='bbox 994 3165 1072 3232; x_wconf 84' lang='lat' dir='ltr'>belli</span> <span class='ocrx_word' id='word_1_254' title='bbox 1095 3171 1131 3232; x_wconf 92' lang='lat' dir='ltr'>ut</span> <span class='ocrx_word' id='word_1_255' title='bbox 1154 3168 1235 3233; x_wconf 90' lang='lat' dir='ltr'>sacri</span> <span class='ocrx_word' id='word_1_256' title='bbox 1258 3169 1444 3251; x_wconf 83' lang='lat' dir='ltr'>significatio</span> <span class='ocrx_word' id='word_1_257' title='bbox 1529 3217 1532 3222; x_wconf 82' lang='lat'><em>-</em></span> 
     </span>
     <span class='ocr_line' id='line_1_27' title="bbox 206 3273 1443 3362; baseline 0.004 -23"><span class='ocrx_word' id='word_1_258' title='bbox 206 3277 334 3362; x_wconf 89' lang='lat' dir='ltr'>propria</span> <span class='ocrx_word' id='word_1_259' title='bbox 356 3276 451 3341; x_wconf 83' lang='lat' dir='ltr'>fuisse</span> <span class='ocrx_word' id='word_1_260' title='bbox 475 3277 504 3341; x_wconf 90' lang='lat' dir='ltr'>ei</span> <span class='ocrx_word' id='word_1_261' title='bbox 527 3277 597 3342; x_wconf 86' lang='lat' dir='ltr'>visa</span> <span class='ocrx_word' id='word_1_262' title='bbox 620 3279 678 3357; x_wconf 90' lang='lat' dir='ltr'>est,</span> <span class='ocrx_word' id='word_1_263' title='bbox 703 3295 783 3362; x_wconf 88' lang='lat' dir='ltr'>quae</span> <span class='ocrx_word' id='word_1_264' title='bbox 807 3275 912 3361; x_wconf 91' lang='lat' dir='ltr'>opinio</span> <span class='ocrx_word' id='word_1_265' title='bbox 936 3295 1031 3359; x_wconf 91' lang='lat' dir='ltr'>quam</span> <span class='ocrx_word' id='word_1_266' title='bbox 1055 3273 1139 3341; x_wconf 86' lang='lat' dir='ltr'>falsa</span> <span class='ocrx_word' id='word_1_267' title='bbox 1161 3276 1213 3358; x_wconf 87' lang='lat' dir='ltr'>sit,</span> <span class='ocrx_word' id='word_1_268' title='bbox 1237 3276 1309 3342; x_wconf 89' lang='lat' dir='ltr'>inde</span> <span class='ocrx_word' id='word_1_269' title='bbox 1331 3275 1443 3360; x_wconf 88' lang='lat' dir='ltr'>elucet,</span> 
     </span>
     <span class='ocr_line' id='line_1_28' title="bbox 207 3381 1445 3472; baseline 0.002 -24"><span class='ocrx_word' id='word_1_270' title='bbox 207 3383 290 3470; x_wconf 90' lang='lat' dir='ltr'>quod</span> <span class='ocrx_word' id='word_1_271' title='bbox 312 3404 375 3449; x_wconf 92' lang='lat' dir='ltr'>non</span> <span class='ocrx_word' id='word_1_272' title='bbox 398 3382 499 3449; x_wconf 89' lang='lat' dir='ltr'>solum</span> <span class='ocrx_word' id='word_1_273' title='bbox 523 3385 555 3449; x_wconf 95' lang='lat' dir='ltr'>in</span> <span class='ocrx_word' id='word_1_274' title='bbox 579 3384 692 3470; x_wconf 89' lang='lat' dir='ltr'>capitis</span> <span class='ocrx_word' id='word_1_275' title='bbox 714 3384 815 3450; x_wconf 90' lang='lat' dir='ltr'>nostri</span> <span class='ocrx_word' id='word_1_276' title='bbox 838 3383 928 3448; x_wconf 91' lang='lat' dir='ltr'>initio</span> <span class='ocrx_word' id='word_1_277' title='bbox 951 3381 968 3449; x_wconf 88' lang='grc' dir='ltr'>ὁ</span> <span class='ocrx_word' id='word_1_278' title='bbox 992 3381 1073 3468; x_wconf 75' lang='grc' dir='ltr'><strong><em>ἱερὸς</em></strong></span> <span class='ocrx_word' id='word_1_279' title='bbox 1096 3383 1253 3465; x_wconf 78' lang='grc' dir='ltr'>πόλεμος,</span> <span class='ocrx_word' id='word_1_280' title='bbox 1282 3384 1336 3448; x_wconf 79' lang='grc' dir='ltr'>τὸν</span> <span class='ocrx_word' id='word_1_281' title='bbox 1360 3383 1445 3472; x_wconf 74' lang='grc' dir='ltr'><strong><em>ἱερὸν</em></strong></span> 
     </span>
     <span class='ocr_line' id='line_1_29' title="bbox 206 3484 1445 3579; baseline 0.002 -24"><span class='ocrx_word' id='word_1_282' title='bbox 206 3491 352 3575; x_wconf 80' lang='grc' dir='ltr'><em>πόλεμον</em></span> <span class='ocrx_word' id='word_1_283' title='bbox 374 3491 531 3575; x_wconf 80' lang='lat' dir='ltr'>leguntur,</span> <span class='ocrx_word' id='word_1_284' title='bbox 556 3492 668 3579; x_wconf 89' lang='lat' dir='ltr'>quibus</span> <span class='ocrx_word' id='word_1_285' title='bbox 691 3512 717 3558; x_wconf 91' lang='lat' dir='ltr'>c.</span> <span class='ocrx_word' id='word_1_286' title='bbox 736 3494 824 3572; x_wconf 77' lang='grc'>24,5</span> <span class='ocrx_word' id='word_1_287' title='bbox 847 3490 865 3557; x_wconf 87' lang='grc' dir='ltr'><strong>ὁ</strong></span> <span class='ocrx_word' id='word_1_288' title='bbox 889 3489 971 3577; x_wconf 77' lang='grc' dir='ltr'><em>ὑπὲρ</em></span> <span class='ocrx_word' id='word_1_289' title='bbox 996 3494 1050 3555; x_wconf 79' lang='grc' dir='ltr'>τοῦ</span> <span class='ocrx_word' id='word_1_290' title='bbox 1072 3493 1155 3555; x_wconf 70' lang='grc' dir='ltr'>θεοῦ</span> <span class='ocrx_word' id='word_1_291' title='bbox 1170 3491 1311 3574; x_wconf 75' lang='grc' dir='ltr'><em>πόλεμος</em></span> <span class='ocrx_word' id='word_1_292' title='bbox 1326 3484 1445 3578; x_wconf 85' lang='lat' dir='ltr'>optime</span> 
     </span>
     <span class='ocr_line' id='line_1_30' title="bbox 206 3599 1445 3686; baseline 0.001 -20"><span class='ocrx_word' id='word_1_293' title='bbox 206 3603 360 3683; x_wconf 78' lang='lat' dir='ltr'>convenit,</span> <span class='ocrx_word' id='word_1_294' title='bbox 385 3601 441 3667; x_wconf 89' lang='lat' dir='ltr'>sed</span> <span class='ocrx_word' id='word_1_295' title='bbox 464 3603 561 3667; x_wconf 88' lang='lat' dir='ltr'>etiam</span> <span class='ocrx_word' id='word_1_296' title='bbox 580 3640 621 3649; x_wconf 93' lang='lat'>-</span> <span class='ocrx_word' id='word_1_297' title='bbox 638 3603 733 3686; x_wconf 87' lang='lat' dir='ltr'>atqua</span> <span class='ocrx_word' id='word_1_298' title='bbox 757 3599 816 3666; x_wconf 90' lang='lat' dir='ltr'>hoc</span> <span class='ocrx_word' id='word_1_299' title='bbox 838 3600 1059 3683; x_wconf 86' lang='lat' dir='ltr'>gravissimum</span> <span class='ocrx_word' id='word_1_300' title='bbox 1082 3603 1133 3665; x_wconf 90' lang='lat' dir='ltr'>est</span> <span class='ocrx_word' id='word_1_301' title='bbox 1153 3639 1194 3650; x_wconf 88' lang='lat'>—-</span> <span class='ocrx_word' id='word_1_302' title='bbox 1216 3619 1242 3666; x_wconf 88' lang='lat' dir='ltr'>e.</span> <span class='ocrx_word' id='word_1_303' title='bbox 1270 3601 1311 3665; x_wconf 85' lang='lat'>59</span> <span class='ocrx_word' id='word_1_304' title='bbox 1334 3601 1445 3684; x_wconf 80' lang='lat' dir='ltr'>exiguo</span> 
     </span>
     <span class='ocr_line' id='line_1_31' title="bbox 206 3704 1493 3794; baseline 0 -22"><span class='ocrx_word' id='word_1_305' title='bbox 206 3709 309 3794; x_wconf 87' lang='lat' dir='ltr'>spatio</span> <span class='ocrx_word' id='word_1_306' title='bbox 332 3708 511 3774; x_wconf 87' lang='lat' dir='ltr'>intermisso</span> <span class='ocrx_word' id='word_1_307' title='bbox 535 3707 614 3774; x_wconf 90' lang='lat' dir='ltr'>duae</span> <span class='ocrx_word' id='word_1_308' title='bbox 637 3708 713 3773; x_wconf 91' lang='lat' dir='ltr'>illae</span> <span class='ocrx_word' id='word_1_309' title='bbox 737 3707 981 3791; x_wconf 83' lang='lat' dir='ltr'>significationes</span> <span class='ocrx_word' id='word_1_310' title='bbox 1001 3708 1090 3772; x_wconf 89' lang='lat' dir='ltr'>iuxta</span> <span class='ocrx_word' id='word_1_311' title='bbox 1106 3707 1316 3789; x_wconf 88' lang='lat' dir='ltr'>inveniuntur,</span> <span class='ocrx_word' id='word_1_312' title='bbox 1341 3709 1373 3773; x_wconf 93' lang='lat' dir='ltr'>in</span> <span class='ocrx_word' id='word_1_313' title='bbox 1389 3710 1441 3793; x_wconf 73' lang='lat'>§1</span> <span class='ocrx_word' id='word_1_314' title='bbox 1490 3704 1493 3714; x_wconf 84' lang='lat'>&#39;</span> 
     </span>
     <span class='ocr_line' id='line_1_32' title="bbox 204 3813 1443 3901; baseline -0.001 -19"><span class='ocrx_word' id='word_1_315' title='bbox 204 3813 222 3882; x_wconf 80' lang='grc' dir='ltr'><strong><em>ὅ</em></strong></span> <span class='ocrx_word' id='word_1_316' title='bbox 242 3817 383 3891; x_wconf 80' lang='grc' dir='ltr'><strong><em>Φωκικός</em></strong></span> <span class='ocrx_word' id='word_1_317' title='bbox 406 3817 558 3898; x_wconf 65' lang='grc' dir='ltr'>πόλεμος,</span> <span class='ocrx_word' id='word_1_318' title='bbox 580 3818 613 3882; x_wconf 91' lang='lat' dir='ltr'>in</span> <span class='ocrx_word' id='word_1_319' title='bbox 636 3818 655 3901; x_wconf 61' lang='grc' dir='ltr'><strong><em>ξ</em></strong></span> <span class='ocrx_word' id='word_1_320' title='bbox 679 3819 700 3880; x_wconf 86' lang='grc'>4</span> <span class='ocrx_word' id='word_1_321' title='bbox 722 3814 740 3881; x_wconf 83' lang='grc' dir='ltr'><strong>ὁ</strong></span> <span class='ocrx_word' id='word_1_322' title='bbox 764 3814 846 3901; x_wconf 71' lang='grc' dir='ltr'><strong><em>ἱερὸς</em></strong></span> <span class='ocrx_word' id='word_1_323' title='bbox 869 3815 1020 3898; x_wconf 74' lang='grc' dir='ltr'>πόλεμος.</span> <span class='ocrx_word' id='word_1_324' title='bbox 1060 3814 1170 3901; x_wconf 89' lang='lat' dir='ltr'>Neque</span> <span class='ocrx_word' id='word_1_325' title='bbox 1192 3814 1367 3881; x_wconf 89' lang='lat' dir='ltr'>Pausanias</span> <span class='ocrx_word' id='word_1_326' title='bbox 1391 3819 1443 3898; x_wconf 87' lang='lat'>10,</span> 
     </span>
     <span class='ocr_line' id='line_1_33' title="bbox 206 3921 1445 4010; baseline -0.001 -22"><span class='ocrx_word' id='word_1_327' title='bbox 206 3925 238 4005; x_wconf 81' lang='lat'>3,</span> <span class='ocrx_word' id='word_1_328' title='bbox 256 3926 291 4004; x_wconf 84' lang='lat'>13</span> <span class='ocrx_word' id='word_1_329' title='bbox 316 3926 347 4003; x_wconf 83' lang='lat'>9,</span> <span class='ocrx_word' id='word_1_330' title='bbox 369 3925 400 4004; x_wconf 88' lang='grc'>6,</span> <span class='ocrx_word' id='word_1_331' title='bbox 423 3923 513 3989; x_wconf 78' lang='lat' dir='ltr'>4ch</span> <span class='ocrx_word' id='word_1_332' title='bbox 528 3923 642 3990; x_wconf 87' lang='lat' dir='ltr'>Strabo</span> <span class='ocrx_word' id='word_1_333' title='bbox 659 3945 689 4010; x_wconf 87' lang='lat' dir='ltr'>p.</span> <span class='ocrx_word' id='word_1_334' title='bbox 708 3926 774 3989; x_wconf 77' lang='lat'>420</span> <span class='ocrx_word' id='word_1_335' title='bbox 792 3922 879 3988; x_wconf 91' lang='lat' dir='ltr'>aliud</span> <span class='ocrx_word' id='word_1_336' title='bbox 894 3942 951 3989; x_wconf 92' lang='lat' dir='ltr'>nos</span> <span class='ocrx_word' id='word_1_337' title='bbox 967 3922 1089 4004; x_wconf 86' lang='lat' dir='ltr'>docent,</span> <span class='ocrx_word' id='word_1_338' title='bbox 1114 3942 1210 4008; x_wconf 81' lang='lat' dir='ltr'>quarn</span> <span class='ocrx_word' id='word_1_339' title='bbox 1226 3922 1309 3988; x_wconf 87' lang='lat' dir='ltr'>idam</span> <span class='ocrx_word' id='word_1_340' title='bbox 1326 3921 1445 3987; x_wconf 91' lang='lat' dir='ltr'>bellum</span> 
     </span>
     <span class='ocr_line' id='line_1_34' title="bbox 206 4027 1443 4119; baseline 0.001 -25"><span class='ocrx_word' id='word_1_341' title='bbox 206 4032 239 4095; x_wconf 91' lang='lat' dir='ltr'>et</span> <span class='ocrx_word' id='word_1_342' title='bbox 253 4027 422 4096; x_wconf 89' lang='lat' dir='ltr'>Phocicum</span> <span class='ocrx_word' id='word_1_343' title='bbox 447 4034 480 4097; x_wconf 91' lang='lat' dir='ltr'>et</span> <span class='ocrx_word' id='word_1_344' title='bbox 502 4052 625 4098; x_wconf 86' lang='lat' dir='ltr'>sacrum</span> <span class='ocrx_word' id='word_1_345' title='bbox 649 4031 847 4119; x_wconf 89' lang='lat' dir='ltr'>appellatum</span> <span class='ocrx_word' id='word_1_346' title='bbox 870 4051 954 4112; x_wconf 83' lang='lat' dir='ltr'>esse3</span> <span class='ocrx_word' id='word_1_347' title='bbox 978 4030 1108 4096; x_wconf 90' lang='lat' dir='ltr'>minime</span> <span class='ocrx_word' id='word_1_348' title='bbox 1131 4030 1164 4096; x_wconf 92' lang='lat' dir='ltr'>id</span> <span class='ocrx_word' id='word_1_349' title='bbox 1180 4029 1343 4097; x_wconf 89' lang='lat' dir='ltr'>enucleare</span> <span class='ocrx_word' id='word_1_350' title='bbox 1358 4028 1443 4109; x_wconf 86' lang='lat' dir='ltr'>licet,</span> 
     </span>
    </p>
   </div>
   <div class='ocr_carea' id='block_1_5' title="bbox 83 4136 1445 4225">
    <p class='ocr_par' dir='ltr' id='par_1_6' title="bbox 83 4136 1445 4225">
     <span class='ocr_line' id='line_1_35' title="bbox 83 4136 1445 4225; baseline -0.001 -20"><span class='ocrx_word' id='word_1_351' title='bbox 83 4140 87 4148; x_wconf 86' lang='lat'>&#39;</span> <span class='ocrx_word' id='word_1_352' title='bbox 206 4136 326 4204; x_wconf 89' lang='lat' dir='ltr'>bellum</span> <span class='ocrx_word' id='word_1_353' title='bbox 350 4137 390 4202; x_wconf 91' lang='lat' dir='ltr'>ab</span> <span class='ocrx_word' id='word_1_354' title='bbox 414 4139 485 4205; x_wconf 89' lang='lat' dir='ltr'>aliis</span> <span class='ocrx_word' id='word_1_355' title='bbox 505 4139 695 4207; x_wconf 89' lang='lat' dir='ltr'>Phocaicum</span> <span class='ocrx_word' id='word_1_356' title='bbox 719 4139 760 4205; x_wconf 93' lang='lat' dir='ltr'>ab</span> <span class='ocrx_word' id='word_1_357' title='bbox 785 4138 857 4205; x_wconf 89' lang='lat' dir='ltr'>aliis</span> <span class='ocrx_word' id='word_1_358' title='bbox 881 4157 1003 4205; x_wconf 89' lang='lat' dir='ltr'>sacrum</span> <span class='ocrx_word' id='word_1_359' title='bbox 1027 4142 1241 4225; x_wconf 88' lang='lat' dir='ltr'>nuncupatum</span> <span class='ocrx_word' id='word_1_360' title='bbox 1264 4158 1342 4204; x_wconf 86' lang='lat' dir='ltr'>essa.</span> <span class='ocrx_word' id='word_1_361' title='bbox 1382 4137 1445 4203; x_wconf 88' lang='lat' dir='ltr'>Sed</span> 
     </span>
    </p>
   </div>
   <div class='ocr_carea' id='block_1_6' title="bbox 206 4408 1444 4660">
    <p class='ocr_par' dir='ltr' id='par_1_7' title="bbox 206 4408 1444 4660">
     <span class='ocr_line' id='line_1_36' title="bbox 282 4408 1444 4481; baseline -0.001 -16"><span class='ocrx_word' id='word_1_362' title='bbox 282 4409 302 4480; x_wconf 88' lang='lat'>¹)</span> <span class='ocrx_word' id='word_1_363' title='bbox 321 4413 510 4466; x_wconf 82' lang='lat' dir='ltr'>Borramanno</span> <span class='ocrx_word' id='word_1_364' title='bbox 529 4413 638 4467; x_wconf 67' lang='lat' dir='ltr'>auctae</span> <span class='ocrx_word' id='word_1_365' title='bbox 656 4414 676 4464; x_wconf 90' lang='lat'>1.</span> <span class='ocrx_word' id='word_1_366' title='bbox 696 4427 718 4466; x_wconf 83' lang='lat' dir='ltr'>a.</span> <span class='ocrx_word' id='word_1_367' title='bbox 738 4429 764 4481; x_wconf 84' lang='lat' dir='ltr'>p.</span> <span class='ocrx_word' id='word_1_368' title='bbox 785 4410 949 4465; x_wconf 82' lang='lat' dir='ltr'>5Diodorua</span> <span class='ocrx_word' id='word_1_369' title='bbox 968 4408 1190 4465; x_wconf 85' lang='lat' dir='ltr'>consuetudinem</span> <span class='ocrx_word' id='word_1_370' title='bbox 1203 4410 1279 4462; x_wconf 80' lang='lat' dir='ltr'>illan</span> <span class='ocrx_word' id='word_1_371' title='bbox 1292 4423 1307 4462; x_wconf 83' lang='lat' dir='ltr'>a</span> <span class='ocrx_word' id='word_1_372' title='bbox 1320 4408 1444 4464; x_wconf 87' lang='lat' dir='ltr'>chronico</span> 
     </span>
     <span class='ocr_line' id='line_1_37' title="bbox 206 4498 578 4568; baseline -0.011 -11"><span class='ocrx_word' id='word_1_373' title='bbox 206 4519 255 4558; x_wconf 88' lang='lat' dir='ltr'>sno</span> <span class='ocrx_word' id='word_1_374' title='bbox 275 4498 407 4568; x_wconf 80' lang='lat' dir='ltr'>(Castore)</span> <span class='ocrx_word' id='word_1_375' title='bbox 426 4501 578 4554; x_wconf 64' lang='lat' dir='ltr'>tanstulit</span> 
     </span>
     <span class='ocr_line' id='line_1_38' title="bbox 279 4588 550 4660; baseline -0.004 -16"><span class='ocrx_word' id='word_1_376' title='bbox 279 4588 301 4658; x_wconf 87' lang='lat'>’)</span> <span class='ocrx_word' id='word_1_377' title='bbox 320 4609 346 4660; x_wconf 87' lang='lat' dir='ltr'>p.</span> <span class='ocrx_word' id='word_1_378' title='bbox 369 4591 430 4658; x_wconf 83' lang='lat'>184,</span> <span class='ocrx_word' id='word_1_379' title='bbox 448 4593 505 4645; x_wconf 88' lang='lat' dir='ltr'>not.</span> <span class='ocrx_word' id='word_1_380' title='bbox 525 4589 550 4644; x_wconf 85' lang='grc'>3.</span> 
     </span>
    </p>
   </div>
   <div class='ocr_carea' id='block_1_7' title="bbox 0 0 1726 5134">
    <p class='ocr_par' dir='ltr' id='par_1_8' title="bbox 0 0 1726 5134">
     <span class='ocr_line' id='line_1_39' title="bbox 0 0 1726 5134; baseline 0 0"><span class='ocrx_word' id='word_1_381' title='bbox 0 0 1726 5134; x_wconf 95' lang='lat' dir='ltr'> </span> 
     </span>
    </p>
   </div>
  </div>
 </body>
</html>
