3442 5134
775 390 906 455 -'58
954 429 995 437 ..

263 568 348 649 Quae
374 570 479 651 verba,
504 572 629 637 etiamsi
652 590 748 656 supra
770 568 925 637 Demetrii
948 590 1061 636 nomen
1083 570 1299 651 concedamus,
1325 572 1399 656 post
1420 567 1502 634 Her-

262 679 362 766 mippi
386 683 525 745 aetatem
548 678 642 745 scribi
662 678 802 765 potuisse
817 680 943 744 omnino
959 678 1137 762 negandum
1153 683 1211 760 est,
1236 681 1272 744 ut
1286 677 1325 743 de
1340 676 1502 743 levissima

261 785 424 871 Roesigeri
449 790 493 874 (p.
513 790 571 874 36)
596 788 773 854 coniectura
795 790 929 868 taceam,
954 786 1010 854 sed
1033 789 1139 853 omnia
1159 787 1311 870 originem
1326 784 1501 871 Hermippo

264 896 455 980 superiorem
473 895 671 981 apertissime
687 899 836 978 arguunt:
865 895 1061 961 coacervatio
1078 893 1137 960 illa
1158 893 1320 960 nominum
1344 892 1398 978 (iis
1420 913 1501 978 quae

264 1002 302 1068 de
325 1001 464 1086 Hegesia
486 1005 630 1070 novimus
653 1004 832 1089 aptissima)
855 1002 929 1069 inde
951 1005 1020 1069 sine
1043 1002 1138 1069 dubio
1161 1005 1232 1068 orta
1255 1005 1314 1083 est,
1338 1000 1422 1088 quod
1438 1000 1502 1066 De-

263 1110 443 1177 mosthenes
466 1132 605 1177 summus
629 1115 723 1198 atque
747 1111 992 1197 perfectissimus
1016 1114 1122 1176 orator
1149 1130 1188 1176 ex
1216 1130 1324 1179 corum
1351 1108 1407 1194 qui
1433 1111 1501 1173 tum

262 1218 398 1285 Athenis
414 1219 446 1283 in
462 1217 673 1305 philosophia,
697 1218 730 1282 iu
744 1216 890 1304 populari
906 1217 1095 1304 eloquentia,
1119 1220 1152 1284 in
1168 1217 1311 1283 doctrina
1333 1215 1499 1297 rhetorica,

261 1329 295 1393 iu
316 1328 435 1413 privati
454 1327 531 1391 iuris
554 1325 686 1391 scientia
701 1324 907 1407 excellebant,
932 1326 1131 1391 institutione
1145 1324 1297 1410 prodiisse
1314 1324 1499 1407 fingebatur.

263 1434 457 1522 Hermippus
472 1435 601 1520 primus,
626 1438 661 1499 ut
676 1433 808 1516 videtur,
833 1433 982 1500 Isocratis
999 1431 1198 1519 disciplinam
1213 1433 1331 1513 reiecit,
1355 1429 1500 1497 Platonis

262 1548 295 1609 et
318 1544 399 1609 Isaei
425 1543 519 1608 certis
542 1542 729 1629 quibusdam
752 1541 946 1627 temporibus
969 1541 1159 1625 assignarit,
1187 1560 1288 1626 neque
1316 1538 1415 1605 aliam
1438 1537 1501 1603 De·

262 1652 394 1717 metrias
417 1650 546 1733 Magnes
570 1649 736 1738 protulisse
760 1649 885 1716 videtur
907 1651 1112 1731 sententiam,
1141 1648 1375 1736 quodquidam
1402 1669 1419 1712 e
1442 1645 1501 1713 Ps-

261 1758 425 1825 Plutarchi
450 1759 553 1824 verbis
577 1762 656 1840 281,
682 1760 701 1824 5
725 1760 901 1824 necessario
925 1758 1138 1842 consequitur,
1167 1777 1247 1843 quae
1270 1757 1298 1822 si
1320 1756 1501 1822 Demetrius

263 1867 303 1933 ab
319 1866 487 1953 Hermippi
503 1867 657 1932 sententia
674 1865 881 1947 discessisset,
902 1864 977 1952 quid
992 1865 1054 1931 sibi
1069 1863 1199 1946 vellent,
1225 1864 1390 1931 obscmiun
1405 1867 1499 1930 esset.

262 1975 309 2042 De
327 1973 537 2040 Plutarcheae
553 1974 743 2039 narrationis
759 1975 800 2059 (c.
819 1974 855 2058 5)
873 1977 999 2039 auctore
1021 1972 1101 2038 nihil
1124 1973 1203 2039 certi
1226 1970 1356 2039 iudicari
1378 1974 1500 2058 potest3

262 2083 302 2148 ab
319 2082 458 2167 Hegesia
482 2103 518 2148 θθ
542 2104 636 2169 quam
657 2083 794 2146 maxime
814 2080 930 2163 differt,
953 2079 1037 2168 quod
1052 2080 1300 2147 Demosthenem
1315 2101 1387 2146 cum
1404 2081 1501 2146 etiam

261 2193 294 2257 iu
316 2195 456 2257 tutorum
479 2213 574 2256 manu
598 2195 682 2257 esset
704 2189 787 2256 Isaei
802 2190 1008 2256 institutione
1029 2189 1185 2255 imbutum
1201 2209 1269 2255 esse
1285 2209 1355 2255 cum
1371 2187 1502 2274 reliquis

231 2300 336 2366 ¹vitis
367 2300 551 2365 convenient
552 2319 586 2364 er
614 2298 752 2384 exponit
804 2296 916 2383 Itaque
943 2296 1169 2382 Roesiger(p.
1199 2297 1272 2380 38),
1309 2295 1392 2382 quod
1423 2316 1449 2361 c.
1480 2295 1500 2359 5

261 2408 415 2474 verba
386 2432 511 2471 ειτε-
537 2406 697 2490 ὀρφανίαν
726 2426 796 2471 cum
824 2405 974 2471 Suidas.
1003 2426 1033 2471 x.
1058 2407 1170 2479 Ἰσαῖος
1200 2403 1320 2470 collata
1346 2402 1502 2472 Demetrii

262 2537 330 2582 esse
359 2516 506 2596 coniecit,
537 2534 575 2579 ex
604 2512 714 2578 eodem
736 2504 900 2579 Demetrio
923 2511 1086 2579 Plutarchi
1114 2512 1153 2577 de
1178 2510 1364 2578 Callistrato
1392 2532 1502 2577 narra
1516 2494 1526 2511 Ἰ

260 2627 380 2691 bouem
395 2624 533 2709 repetiit,
558 2641 663 2688 secum
680 2622 853 2707 pugnantia
869 2622 992 2687 statuit.
1031 2619 1238 2687 Plutarchum
1254 2619 1334 2686 nihil
1355 2618 1501 2685 attulisse

261 2731 345 2818 quod
368 2751 430 2797 nou
453 2732 485 2796 in
508 2731 594 2795 fonte
618 2749 673 2795 suo
697 2731 866 2812 invenerit,
896 2732 1008 2816 etper
1030 2750 1063 2795 se
1088 2727 1250 2815 probabile
1273 2732 1323 2793 θεῖ
1346 2732 1380 2793 θῖ
1407 2747 1424 2792 θ
1447 2726 1501 2792 Li-

263 2839 349 2904 bauii
372 2840 440 2905 vita
463 2841 554 2925 (294,
581 2840 621 2905 37
647 2840 771 2924 sq.)sa
771 2839 814 2904 tis
837 2838 1036 2924 perspicuum
1060 2840 1110 2902 θεῖ
1120 2837 1154 2922 ¹)
1194 2835 1242 2902 De
1258 2834 1356 2903 Suida
1371 2834 1418 2922 (I)
1441 2835 1502 2901 hoc

261 2970 356 3014 uuum
380 2952 514 3030 constat,
540 2952 699 3014 auctorem
723 2947 764 3014 ab
787 2945 927 3030 Hegesia
948 2946 1107 3012 diversum
1131 2904 1308 3011 adhibitum
1332 2945 1444 3028 esse2).

352 3056 401 3122 De
425 3060 526 3122 morte
550 3053 773 3122 Demosthenis
795 3054 1022 3140 Hermippeam
1046 3053 1236 3119 sententiam
1255 3049 1445 3117 Plutarchus
1468 3052 1501 3116 in

261 3187 287 3232 c.
307 3167 349 3231 30
371 3165 519 3231 servavit.
560 3162 711 3230 Narravit
725 3162 918 3248 Hermippus
933 3158 1043 3246 Pappo
1059 3158 1195 3246 quodam
1212 3162 1349 3241 auctore,
1374 3157 1501 3224 aliunde

262 3294 323 3339 non
339 3278 415 3339 noto
382 3272 689 3355 to,Demosthenem
706 3289 824 3337 veneno
841 3268 974 3335 exhaust
959 3272 992 3334 to
1009 3267 1093 3355 apud
1104 3266 1244 3353 Neptuni
1261 3288 1350 3333 aram
1362 3268 1500 3332 animam

262 3384 430 3469 expirasse,
455 3401 550 3466 quam
573 3377 761 3448 relationem
785 3397 854 3443 cum
880 3375 951 3442 aliis
975 3375 1014 3441 dc
1033 3374 1257 3442 Demosthenis
1279 3379 1382 3439 morte
1405 3374 1501 3439 variis

262 3490 426 3555 sententiis
455 3487 680 3553 coniunctim
671 3508 703 3551 in
731 3485 933 3571 Hermippeis
963 3488 1043 3566 βίοις
1076 3484 1165 3550 extit
1158 3503 1218 3549 isse
1247 3480 1287 3547 Α.
1317 3481 1501 3566 Schaefer³)

262 3598 402 3664 coniecit.
379 3595 565 3662 tStatuit
589 3596 672 3660 enim
694 3615 724 3660 v.
741 3594 791 3675 .d.,
817 3592 1080 3664 etZosimumt
1046 3614 1063 3658 e
1065 3590 1298 3676 trinonymum
1321 3595 1355 3656 et
1370 3589 1502 3655 Suidam

262 3703 293 3790 (Ι
316 3708 350 3769 θῖ
365 3703 440 3788 ΙΙΙ),
465 3723 543 3788 quos
567 3701 605 3767 de
629 3706 730 3767 morte
751 3699 974 3768 Demosthenis
998 3683 1110 3764 eadem
1130 3698 1300 3763 traditione
1323 3698 1383 3763 niti
1407 3718 1502 3783 supra

262 3810 397 3877 vidimus
427 3810 471 3897 (p.
504 3810 576 3896 52),
613 3831 651 3875 ex
679 3808 854 3897 Hermippo
884 3807 1040 3873 communi
1074 3802 1161 3871 fonte
1195 3804 1346 3870 hausisse.
1401 3798 1501 3881 Quam
1609 3868 1611 3870 ,
1711 3836 1712 3851 ¹

261 3920 473 3986 coniecturam
489 3917 619 4006 reliquis
634 3921 797 4005 acceptam
812 3917 941 3983 minime
958 3914 1035 3981 mihi
1051 3912 1223 4000 probavit.
1247 3910 1389 3978 Primum
1405 3912 1500 3993 enim,

262 4027 388 4099 etiamsi
411 4027 548 4113 primam
564 4026 678 4092 Suidae
700 4024 891 4113 particulam
907 4023 948 4090 ad
964 4021 1172 4110 Hermippum
1187 4021 1360 4087 maximam
1375 4023 1502 4106 partam

337 4226 358 4294 ¹)
378 4228 551 4282 Communem
572 4228 709 4282 Plutarchi
731 4229 760 4283 et
777 4225 882 4281 Libanii
910 4226 1046 4279 auctorem
1065 4222 1241 4290 Hermippum
1266 4236 1323 4274 esse
1342 4220 1421 4273 Blass
1439 4218 1501 4284 (ΙΙΙ,

264 4321 287 4384 l,
306 4335 332 4388 p.
355 4318 397 4383 12,
417 4321 473 4372 not.
493 4317 520 4382 3)
540 4320 599 4373 sine
618 4322 678 4372 ulla
695 4317 829 4386 probabili
847 4332 930 4369 causa
948 4315 1102 4382 suspicatus
1120 4315 1171 4366 est.

334 4405 355 4474 ²)
375 4409 537 4472 Volkmann,
557 4410 575 4460 l.
596 4424 618 4462 c.
638 4424 664 4475 p.
681 4407 722 4472 14,
742 4405 897 4459 Ruhnkenii
917 4404 1043 4472 opinione
1061 4402 1185 4470 probata,
1203 4397 1301 4454 Suidae
1313 4398 1500 4453 brevissimam

262 4498 295 4553 de
314 4499 469 4552 Callistrato
489 4497 614 4551 notitiam
633 4497 768 4551 Demetrio
787 4495 905 4567 Magneti
922 4493 1027 4548 tribuit.
1147 4496 1149 4499 ’

335 4584 357 4657 ⁸)
376 4590 407 4643 In
426 4588 523 4643 Philol.
544 4588 564 4642 t.
585 4587 631 4654 IV,
650 4602 676 4659 p.
696 4585 758 4646 430.
