3442 5134
725 330 926 423 -3'-

208 537 266 618 33,
296 536 572 618 38-40,1-2;
604 534 755 598 56-64.
804 530 883 598 Cum
903 542 958 597 ¹me
981 552 1082 618 neque
1105 529 1323 618 Volquardsen
1345 552 1446 618 neque
1478 589 1488 613 ‚.

207 643 294 711 Pack
325 644 366 710 ad
393 665 467 711 suas
491 647 599 730 partes
622 642 838 729 perduxerint,
868 641 1078 707 necessarium
1102 640 1176 723 erit,
1208 640 1249 706 ad
1273 662 1344 707 eam
1367 662 1448 728 quae

207 753 286 818 mihi
310 752 437 839 quidem
460 750 531 818 sola
552 754 640 818 recta
662 752 730 817 visa
753 753 818 832 est,
843 750 1033 815 sententiam
1057 748 1321 834 comprobandam
1345 748 1448 814 multa

209 862 275 925 iam
298 859 427 946 prolata
450 859 550 925 denuo
574 859 721 946 proferre.
1294 942 1295 945 Ἴ

300 967 379 1034 Miro
403 967 539 1055 quodam
563 987 637 1034 casu
653 966 809 1032 Diodorus
833 966 890 1032 sub
914 967 1004 1032 annis
1028 965 1069 1031 01.
1096 965 1449 1048 106,20101.106,3

211 1075 290 1146 belli
313 1077 395 1143 sacri
418 1075 591 1162 primordia
614 1075 662 1141 bis
686 1075 830 1161 exponit3
858 1094 921 1139 000
944 1096 1040 1139 uuum
1068 1073 1261 1161 eundemque
1290 1079 1450 1166 auctorem

210 1184 274 1250 alio
297 1185 367 1251 loco
391 1183 455 1250 alio
478 1183 571 1250 modo
595 1184 787 1270 exscriptum
811 1203 894 1264 esse,
924 1181 980 1249 sed
1006 1202 1023 1247 e
1052 1181 1183 1248 diversis
1211 1183 1350 1249 fontibus
1378 1205 1449 1271 cpp.

211 1296 342 1359 23-27
353 1344 361 1376 ,
391 1295 523 1360 28-311
546 1290 674 1359 fluxisse
697 1292 873 1359 accuratius
897 1312 935 1357 ea
959 1293 1156 1377 comparanti
1184 1291 1278 1358 facile
1307 1298 1449 1379 apparet.

210 1399 352 1468 Primum
380 1404 480 1485 enim,
511 1405 546 1466 ut
573 1421 599 1468 c.
630 1403 672 1467 28
703 1399 843 1466 ordinem
872 1420 1000 1486 sequar,
1030 1399 1068 1465 de
1097 1398 1218 1485 templo
1248 1399 1403 1487 Delphico
1432 1422 1458 1465 a.

210 1509 388 1577 Philomelo
411 1513 590 1596 expugnato
614 1529 640 1576 c.
666 1511 709 1576 28
733 1507 815 1574 nihil
836 1512 1039 1587 memoratur,
1064 1507 1119 1573 sed
1142 1529 1160 1573 e
1182 1508 1287 1575 verbis
1312 1513 1374 1573 τῶν
1393 1510 1453 1592 μὲν

211 1618 303 1705 ἱερῶν
330 1615 557 1704 ἀναθημάτων
584 1620 738 1696 ἀπείχετο
764 1616 821 1681 κτλ
849 1616 928 1681 satis
956 1615 1154 1701 perspicuum
1188 1620 1252 1698 est,
1288 1637 1326 1682 ex
1361 1617 1452 1683 huius

212 1728 348 1793 auctoris
371 1728 529 1792 sententia
544 1723 758 1792 Philomelum
781 1722 902 1809 templo
926 1727 1077 1809 occupato
1100 1728 1169 1789 tum
1190 1723 1316 1790 demum
1338 1745 1453 1791 emer-

212 1835 345 1900 cenariis
360 1838 394 1899 01
407 1830 616 1900 Phocensium
632 1831 742 1897 electis
757 1852 907 1913 magnum
930 1831 1101 1897 exercitum
1125 1831 1186 1897 sibi
1207 1834 1452 1922 comparavisse,

212 1940 246 2007 id
273 1940 357 2027 quod
387 1960 412 2006 c.
444 1943 488 2006 24
516 1940 699 2026 priusquam
727 1938 882 2025 templum
911 1943 1116 2026 occuparetur
1143 1940 1262 2006 factum
1291 1961 1360 2007 esse
1385 1961 1454 2008 cum

212 2069 336 2117 summa
358 2047 585 2134 probabilitate
609 2047 726 2114 diserte
750 2046 938 2113 affirmatur.
983 2046 1093 2133 Neque
1116 2050 1220 2114 minus
1243 2047 1456 2134 discrepantia

213 2177 252 2222 ea
279 2155 418 2224 dilucida
445 2161 509 2238 est,
545 2154 629 2242 quod
657 2175 682 2221 c.
714 2159 773 2237 28,
796 2161 813 2219 2
839 2152 1038 2220 Philomelus
1073 2154 1231 2241 opulentis
1259 2154 1456 2242 Delphorum

115 2262 123 2283 ⁸
213 2263 254 2330 ad
277 2263 435 2350 stipendia
458 2263 597 2330 militum
613 2262 818 2350 expendenda
832 2284 964 2346 magnas
981 2265 1129 2349 pecunias
1145 2265 1315 2329 extorsisse
1331 2264 1455 2346 dicitur,

214 2391 285 2437 cum
308 2391 334 2437 c.
360 2374 404 2436 24
427 2391 528 2457 neque
552 2369 619 2437 tale
643 2370 719 2456 quid
741 2374 888 2439 narretur
910 2374 943 2436 et
963 2369 1177 2437 Philomelum
1201 2370 1242 2435 ah
1262 2370 1456 2436 Archidamo

214 2500 289 2563 rege
312 2479 445 2565 pecunia
468 2478 610 2545 adiutum
634 2499 711 2561 esse,
735 2480 840 2565 ipsum
863 2477 902 2545 de
926 2499 981 2544 suo
1005 2498 1067 2544 000
1090 2479 1193 2544 minus
1216 2477 1386 2544 contulisse
1403 2478 1458 2544 do-

215 2606 342 2654 ceamur
353 2588 388 2672 ¹).
428 2585 550 2652 Deinde
574 2607 680 2673 pugna
702 2607 773 2652 cum
788 2585 898 2652 Locris
922 2588 1091 2653 commissa
1113 2607 1140 2652 c.
1160 2589 1202 2653 28
1227 2586 1329 2652 multo
1354 2588 1458 2672 copie
1492 2576 1496 2580 ἱ
1562 2582 1566 2585 ’

215 2696 280 2760 sius
292 2715 388 2779 quam
400 2714 426 2759 c.
441 2695 627 2759 24000010
637 2693 738 2758 alium
754 2691 818 2758 alio
833 2695 867 2758 in
882 2692 951 2759 loco
968 2698 1128 2760 auctorem
1143 2693 1271 2760 indicat.
1309 2693 1458 2777 Magnum

216 2820 309 2886 porro
333 2800 499 2866 discrimen
522 2800 555 2866 id
578 2788 636 2883 est,
661 2800 745 2887 quod
764 2820 790 2866 c.
809 2803 851 2867 28
868 2799 990 2883 Boeoti,
1015 2799 1158 2867 aLocris
1174 2802 1328 2867 auxilium
1343 2803 1457 2885 rogati,

216 2908 352 2994 primum
381 2907 650 2994 Amphictyonum
679 2908 844 2977 consilium
873 2928 1075 2991 convocasse,
1113 2909 1225 2976 deinde
1253 2930 1343 2977 sacro
1373 2909 1458 2975 10110

217 3015 343 3082 decreto
372 3036 486 3098 magno
514 3018 654 3084 exercitu
682 3018 714 3083 in
742 3015 967 3100 sacrilegorum
995 3017 1073 3083 fines
1098 3019 1306 3084 incursionem
1330 3038 1458 3104 parasse

219 3127 260 3210 (c.
279 3126 323 3189 30
347 3125 433 3208 init.)
457 3128 635 3208 canantur,
659 3145 730 3191 cum
754 3145 779 3190 0.
806 3126 893 3207 2111
920 3124 1026 3191 ordine
1042 3127 1167 3191 omnino
1183 3146 1331 3213 perverso
1347 3124 1460 3192 Boeoti

218 3233 362 3297 contione
386 3236 559 3298 convocata
581 3233 810 3316 (συνελθόντες
832 3236 877 3308 τίς
899 3234 1091 3319 ἐκκλησίαν),
1114 3235 1175 3320 ipsi
1198 3255 1254 3320 per
1277 3255 1310 3301 se
1332 3232 1459 3300 oraculo

219 3337 370 3404 auxilium
386 3338 467 3404 ferre
484 3340 693 3422 constituisse,
710 3342 1010 3406 statimexorcitum
1026 3342 1166 3421 emisisse
1183 3341 1338 3425 dicantur,
1362 3341 1459 3407 iidem

218 3466 298 3533 quos
324 3466 394 3512 cum
418 3446 527 3513 Locris
545 3469 632 3527 -,a
655 3446 763 3515 Locris
785 3446 923 3515 Boeotos
946 3447 1116 3534 advocatos
1139 3470 1207 3515 esse
1231 3454 1340 3516 auctor
1363 3470 1389 3516 c.
1416 3451 1458 3514 25

219 3575 258 3620 00
274 3575 335 3620 000
351 3554 478 3641 quidem
495 3555 590 3622 verbo
607 3560 909 3623 commemoraverat
921 3596 963 3604 —
977 3555 1110 3643 aliisque
1121 3577 1177 3643 pro
1190 3556 1248 3623 deo
1260 3556 1381 3623 bellum
1394 3578 1460 3622 sus-
1525 3613 1531 3623 .

219 3663 339 3748 cepisse
363 3665 497 3746 0215
521 3703 563 3713 -
588 3665 808 3730 convenienter
831 3684 903 3730 cum
919 3684 944 3729 0.
964 3666 1052 3747 28,4
1076 3703 1117 3712 -
1143 3663 1258 3730 diserte
1275 3667 1457 3750 exponitur:

219 3771 356 3835 Βοιωτοὶ
379 3772 414 3834 δὲ
436 3771 489 3834 καί
503 3772 625 3859 Λοκροί
646 3776 700 3835 καί
723 3794 804 3846 τινες
820 3776 919 3857 ἕτερον
936 3770 1092 3836 τάναντία
1109 3772 1231 3846 τούτοις
1247 3773 1462 3857 ἐψηφίσαντο,

219 3878 272 3941 καὶ
301 3879 356 3941 τὸν
384 3879 529 3971 πόλεμον
557 3877 639 3965 ὑπὲρ
669 3882 725 3944 τοῦ
753 3882 836 3943 θεοῦ
870 3880 952 3964 πρὸς
986 3879 1058 3953 τοὺς
1090 3882 1209 3953 Φωκεῖς
1242 3879 1460 3943 ἐπανείλοντο.

220 3983 307 4063 Quae
330 3984 542 4072 discrepantia
565 4007 602 4053 eo
625 3987 728 4069 magis
753 3985 901 4070 offendit,
930 3985 1014 4072 quod
1037 3987 1070 4051 in
1093 3985 1216 4072 reh'qua
1241 4006 1267 4052 c.
1298 3987 1339 4049 25
1369 3989 1461 4071 parte

219 4112 291 4159 cum
315 4094 359 4157 30
384 4092 503 4159 0011010
518 4092 709 4164 Boeotorum
732 4092 822 4160 nulla
844 4095 963 4159 mentio
987 4093 1033 4182 fit.
1072 4093 1121 4159 De
1141 4091 1400 4159 Lacedaemoniis
1421 4093 1461 4158 ab
1555 4166 1557 4169 ,

296 4271 316 4341 ¹)
336 4275 427 4328 Heake
450 4292 478 4343 p.
502 4275 539 4330 50
561 4277 673 4330 Diodori
697 4278 793 4345 capitis
818 4276 868 4343 24,
893 4277 909 4330 3
934 4277 997 4337 τούς
1020 4294 1060 4339 τε,
1075 4273 1203 4343 θρακίδας
1226 4274 1461 4340 καλουμένους-

219 4366 307 4420 ἀνεῖλε
324 4366 367 4420 καί
385 4365 432 4427 τὰς
451 4366 542 4428 οὐσίας
560 4367 648 4420 αὐτῶν
666 4368 798 4438 ἐδήμευσε
817 4383 878 4421 cum
898 4383 919 4421 c.
940 4365 1015 4431 28,2
1035 4366 1098 4427 τοὺς
1116 4367 1148 4419 δὲ
1165 4364 1288 4435 Δελφοὺς
1311 4365 1463 4436 εὐδαιμονίᾳ

218 4457 262 4511 καὶ
281 4455 387 4528 πλούτῳ
405 4458 580 4528 διαφέροντας
603 4458 737 4526 ἐπράξατο
760 4457 863 4527 πλῆθος
883 4459 1028 4529 χρημάτων
1053 4457 1138 4510 ἱκανὸν
1161 4457 1199 4517 εἰς
1222 4456 1285 4515 τοὺς
1308 4459 1359 4507 τῶν
1382 4454 1463 4514 ξένων

219 4547 337 4612 proicer
355 4562 409 4600 non
428 4550 500 4602 recte
518 4548 692 4616 comparavit.

1210 4647 1246 4703 l·
