3442 5134
739 404 779 412 ..
829 342 961 428 27‘,

230 547 325 635 paulo
341 549 415 614 ante
440 546 479 613 de
503 543 630 611 exulum
652 543 896 630 colonorumque
919 543 952 607 in
968 541 1110 610 Siciliam
1133 541 1272 608 adventu
1295 543 1469 608 accuratius

230 658 341 742 agit¹).

320 763 409 830 Haec
432 766 506 829 sunt
521 783 601 849 quae
617 763 656 828 de
673 781 698 827 c.
714 764 756 827 69
773 764 806 827 et
822 782 847 827 c.
867 763 886 825 7
889 763 911 826 0
927 760 1058 827 Diodori
1074 780 1144 826 cum
1160 757 1331 826 Plutarcho
1348 758 1473 825 collatis

230 873 386 959 imprimis
402 870 541 937 notanda
557 870 635 936 mibi
651 870 804 937 videntur.
839 867 886 934 At
897 867 1126 955 Volquardsen,
1139 888 1232 954 quem
1245 865 1473 954 discrepantiae
1517 930 1520 936 .

231 979 359 1044 minime
387 978 547 1061 fugerant,
577 979 789 1045 eonhrsionem
813 997 917 1042 rerum
940 980 1179 1063 temporumque
1202 976 1357 1042 rationem
1380 975 1474 1040 vehe-

230 1087 426 1153 mentissime
456 1107 636 1172 perversam
664 1106 682 1151 e
705 1084 837 1151 levitate
865 1085 1051 1170 inscitiaque
1075 1082 1206 1149 Diodori
1229 1087 1315 1149 ortas
1338 1083 1472 1168 duxit2),

229 1193 313 1280 quod
327 1194 457 1259 minime
477 1193 556 1259 mihi
573 1193 729 1280 probavit.
766 1190 908 1257 Primum
931 1192 1015 1257 enim
1038 1189 1360 1278 quodVolquardsen,
1385 1193 1438 1277 qni
1447 1194 1473 1277 ³)

230 1301 454 1368 dissensionem
475 1301 605 1367 Diodori
629 1305 662 1368 et
684 1299 850 1366 Plutarchi
872 1301 912 1366 de
935 1304 1076 1386 tempore
1100 1298 1304 1386 Timophanis
1328 1299 1434 1366 caedis
1457 1320 1474 1365 e

230 1409 360 1476 Timaeo
390 1430 410 1475 a
437 1408 576 1475 Diodoro
611 1408 791 1475 foedissime
826 1407 1000 1494 depravato
1032 1407 1175 1473 derivare
1202 1427 1264 1472 non
1293 1428 1386 1473 ausus
1416 1412 1473 1489 est,

229 1517 360 1584 Diodori
384 1539 453 1604 epp.
480 1519 534 1599 69,
560 1519 603 1582 70
627 1538 644 1582 0
665 1514 830 1582 Plutarchi
853 1517 940 1581 fonte
964 1515 1091 1581 fluxisse
1114 1515 1288 1581 arbitratus
1310 1519 1359 1581 est
1382 1514 1475 1582 valde

229 1627 337 1692 miror.
385 1626 458 1693 Non
481 1629 584 1692 minor
607 1625 747 1712 profecto
771 1624 957 1711 depravatio
980 1625 1032 1705 sit,
1057 1626 1085 1690 si
1108 1625 1233 1689 omnino
1257 1628 1321 1706 est;
1345 1624 1477 1691 audacia

230 1733 283 1799 vel
306 1736 411 1821 potius
435 1733 645 1821 impudentia,
675 1754 738 1818 qua
761 1732 918 1798 Diodorus
942 1734 1052 1818 capita
1074 1731 1133 1798 illa
1156 1752 1173 1797 e
1198 1733 1293 1799 fontis
1316 1735 1364 1799 sui
1387 1753 1476 1800 aecu-

232 1843 394 1909 ratissima
423 1843 603 1928 optimoque
631 1840 739 1907 ordine
767 1841 955 1927 procedente
978 1841 1159 1905 narratione
1183 1840 1415 1924 conglutinasse
1439 1861 1476 1907 ao

231 1951 406 2037 corrupisse
423 1947 659 2035 Volquardseno
676 1951 803 2015 auctore
820 1948 987 2028 videretur,
1012 1952 1105 2013 tanta
1121 1951 1179 2029 est,
1204 1953 1323 2034 quanta
1339 1948 1476 2015 Diodoro

231 2057 318 2123 nullo
350 2061 416 2124 iure
445 2059 595 2144 imputari
623 2057 727 2123 debet.
774 2057 897 2123 Deinde
921 2056 1094 2123 Diodorum
1123 2059 1259 2124 auctoris
1287 2059 1332 2124 sui
1360 2099 1401 2107 -
1426 2058 1477 2123 Ti-

232 2168 317 2232 maei
341 2206 382 2215 -
407 2165 595 2232 relationem
624 2168 804 2232 continuam
832 2167 880 2231 ita
907 2167 1150 2232 transformasse
1174 2186 1211 2232 ae
1234 2168 1417 2247 mutavisse,
1441 2170 1478 2232 ut

231 2275 363 2340 notitiae
398 2273 437 2340 de
466 2273 660 2361 Theopompi
694 2273 942 2361 Philippicorum
977 2274 1067 2340 libris
1103 2276 1233 2340 39-41
1265 2294 1282 2340 e
1311 2275 1397 2340 fonte
1419 2274 1476 2339 illo

232 2382 421 2465 gravissima
447 2381 625 2448 litterariae
653 2382 804 2449 historiae
833 2383 920 2449 faeta
947 2382 1176 2470 complectente
1201 2387 1367 2469 excerptae
1390 2403 1477 2448 aceo

232 2490 390 2572 modaret,
420 2492 491 2577 quis
505 2489 742 2578 Volquardseno
771 2494 977 2574 assentiatur,
1007 2493 1061 2578 qui
1087 2493 1171 2558 inter
1194 2512 1302 2558 omnes
1326 2490 1478 2558 eiusmodi

231 2597 452 2665 adnotationes
481 2603 515 2665 et
538 2598 668 2665 Diodori
696 2600 796 2686 ipsius
824 2601 1038 2666 narrationem
1065 2599 1187 2666 nullam
1216 2599 1477 2667 necessitudinem

194 2758 198 2763 .
230 2705 425 2773 intercedere
449 2707 517 2794 ipse
540 2705 788 2773 luculentissime
804 2706 961 2773 ostendit?
997 2707 1047 2773 Ne
1063 2707 1095 2773 id
1110 2707 1237 2794 quidem
1253 2709 1282 2774 ei
1298 2707 1476 2789 concedam,

232 2815 426 2900 a‘scriptore
455 2814 512 2880 1110
541 2835 598 2901 pro
627 2835 732 2901 pugna
760 2815 802 2881 ad
825 2814 995 2882 Crimisum
1023 2817 1192 2882 commissa
1219 2815 1365 2902 Dionysii
1392 2815 1478 2882 dedi-

231 2923 351 2989 tionem
379 2925 516 3009 positam
540 2944 618 2989 esse.
655 2922 796 2990 Primum
820 2925 904 2990 enim
927 2923 1029 3006 illum,
1055 2925 1109 3010 qui
1132 2923 1170 2989 de
1192 2924 1323 3011 reliquis
1347 2927 1479 3010 scripto

231 3032 318 3098 ribus
346 3033 520 3099 rectissime
549 3032 729 3115 adnotavit,
759 3035 792 3100 in
820 3033 880 3100 hoc
908 3054 969 3099 uno
992 3033 1062 3099 loco
1086 3037 1154 3098 tam
1177 3032 1292 3099 leviter
1314 3033 1415 3116 egisse
1443 3036 1479 3097 ut

233 3140 319 3206 facta
348 3139 408 3205 duo
437 3142 528 3206 annis
555 3140 710 3208 distantia
737 3140 941 3208 consrmderet
969 3143 1022 3207 vix
1051 3140 1222 3207 verisimile
1251 3145 1309 3207 est.
1357 3139 1478 3205 Deinde

236 3246 313 3333 quid
337 3247 451 3328 obstet,
476 3251 641 3333 quominus
657 3249 802 3336 Dionysii
825 3250 1016 3316 deditionem
1034 3250 1197 3336 aptissime
1213 3247 1360 3314 ultimum
1376 3247 1479 3314 locum

233 3358 397 3420 tenentem
421 3355 658 3443 aTheopompo
682 3379 755 3424 vere
779 3358 836 3424 sub
861 3378 943 3424 anno
968 3360 1033 3423 343
1050 3361 1212 3423 narratam
1228 3377 1296 3423 esse
1313 3376 1477 3443 ponamus

233 3483 297 3529 non
331 3463 434 3530 video.
484 3462 602 3530 Contra
636 3486 675 3531 ex
702 3486 739 3531 eo
767 3466 850 3553 ipso,
887 3466 970 3553 quod
998 3464 1178 3531 aDiodoro
1207 3466 1288 3530 areis
1316 3465 1478 3550 occupatio

235 3592 317 3638 anno
342 3575 406 3638 343
432 3572 535 3654 datur,
560 3594 631 3640 cum
646 3573 775 3640 Holmio
783 3576 810 3660 ⁴)
832 3574 1086 3660 Theopompeam
1102 3573 1288 3639 relationem
1303 3572 1479 3639 Diodoreae

232 3682 408 3747 narrationi
430 3681 558 3748 subesse
582 3683 700 3749 conicio
725 3722 767 3733 -
792 3682 878 3749 aliud
894 3681 1089 3769 Theopompi
1112 3683 1281 3764 vestigium
1303 3683 1367 3746 iarn
1383 3700 1480 3763 agno-

232 3789 336 3855 vimus
360 3815 419 3872 -3
455 3789 539 3876 quod
561 3789 717 3856 Diodorus
752 3791 810 3857 sub
845 3794 981 3876 quatuor
1015 3793 1105 3856 annis
1134 3791 1278 3876 exponit,
1315 3808 1395 3875 quae
1425 3809 1481 3875 per
1596 3792 1600 3797 '

234 3917 331 3962 unum
364 3919 482 3964 annum
509 3898 596 3964 faeta
624 3901 712 3979 sunt,
748 3899 877 3965 minime
906 3897 1051 3980 offendit3
1087 3919 1158 3965 eum
1186 3897 1268 3963 aliae
1291 3918 1342 3963 res
1365 3899 1395 3962 ei
1417 3917 1480 3962 non

233 4008 360 4090 praesto
384 4009 499 4089 essent,
523 4009 659 4092 quatuor
682 4005 867 4072 archontum
891 4026 989 4073 annos
1013 4005 1054 4073 ol.
1081 4008 1156 4087 108,
1173 4007 1313 4087 2-109,
1331 4011 1349 4069 2
1364 4003 1480 4071 Siculis

311 4204 332 4273 ¹)
352 4207 431 4264 Corn,
450 4208 541 4276 Nepos
566 4208 594 4260 in
621 4209 740 4276 tempore
764 4224 817 4277 quo
837 4208 977 4262 Timoleon
1002 4209 1074 4276 loges
1098 4208 1304 4276 libertatemque
1325 4207 1480 4263 civitatibus

232 4298 363 4365 reddidit,
384 4298 538 4352 definiendo
559 4299 667 4352 omnino
687 4314 749 4352 eum
768 4298 885 4355 Diodoro
905 4298 981 4368 facit3
1001 4299 1048 4357 vit,
1069 4297 1136 4353 Tim.
1159 4298 1184 4357 3.

307 4386 328 4455 ')
348 4407 375 4458 p.
395 4389 438 4443 98.

305 4476 328 4544 ⁶)
348 4496 376 4549 p.
396 4480 439 4535 96.

306 4566 327 4637 ⁴)
348 4571 382 4636 11,
401 4586 427 4640 p.
448 4568 510 4623 466.
