<?xml version="1.0" encoding="UTF-8"?>
<!DOCTYPE html PUBLIC "-//W3C//DTD XHTML 1.0 Transitional//EN"
    "http://www.w3.org/TR/xhtml1/DTD/xhtml1-transitional.dtd">
<html xmlns="http://www.w3.org/1999/xhtml" xml:lang="en" lang="en">
 <head>
  <title>
</title>
<meta http-equiv="Content-Type" content="text/html;charset=utf-8" />
  <meta name='ocr-system' content='tesseract 3.04.00' />
  <meta name='ocr-capabilities' content='ocr_page ocr_carea ocr_par ocr_line ocrx_word'/>
</head>
<body>
  <div class='ocr_page' id='page_1' title='image "./defontibusdemos01sturgoog_0024.png"; bbox 0 0 3442 5134; ppageno 0'>
   <div class='ocr_carea' id='block_1_1' title="bbox 739 324 992 399">
    <p class='ocr_par' dir='ltr' id='par_1_1' title="bbox 739 324 992 399">
     <span class='ocr_line' id='line_1_1' title="bbox 739 324 992 399; baseline 0.012 -3"><span class='ocrx_word' id='word_1_1' title='bbox 739 324 992 399; x_wconf 68' lang='lat'>.-‘16-</span> 
     </span>
    </p>
   </div>
   <div class='ocr_carea' id='block_1_2' title="bbox 259 511 1499 818">
    <p class='ocr_par' dir='ltr' id='par_1_2' title="bbox 259 511 1499 818">
     <span class='ocr_line' id='line_1_2' title="bbox 260 511 1499 604; baseline 0.001 -25"><span class='ocrx_word' id='word_1_2' title='bbox 260 532 328 580; x_wconf 93' lang='lat' dir='ltr'>esse</span> <span class='ocrx_word' id='word_1_3' title='bbox 362 517 398 579; x_wconf 90' lang='lat' dir='ltr'>ut</span> <span class='ocrx_word' id='word_1_4' title='bbox 432 511 559 580; x_wconf 88' lang='lat' dir='ltr'>credam</span> <span class='ocrx_word' id='word_1_5' title='bbox 589 511 798 581; x_wconf 90' lang='lat' dir='ltr'>nullomodo</span> <span class='ocrx_word' id='word_1_6' title='bbox 826 514 939 582; x_wconf 82' lang='lat' dir='ltr'>adduci</span> <span class='ocrx_word' id='word_1_7' title='bbox 973 535 1110 603; x_wconf 90' lang='lat' dir='ltr'>possum.</span> <span class='ocrx_word' id='word_1_8' title='bbox 1162 512 1247 581; x_wconf 89' lang='lat' dir='ltr'>Nam</span> <span class='ocrx_word' id='word_1_9' title='bbox 1281 513 1499 604; x_wconf 77' lang='lat' dir='ltr'>interpretatio</span> 
     </span>
     <span class='ocr_line' id='line_1_3' title="bbox 259 620 1499 711; baseline 0.001 -25"><span class='ocrx_word' id='word_1_10' title='bbox 259 621 426 705; x_wconf 91' lang='lat' dir='ltr'>eiusmodi,</span> <span class='ocrx_word' id='word_1_11' title='bbox 462 620 655 711; x_wconf 88' lang='lat' dir='ltr'>Phalaecum</span> <span class='ocrx_word' id='word_1_12' title='bbox 686 622 860 709; x_wconf 90' lang='lat' dir='ltr'>periculum</span> <span class='ocrx_word' id='word_1_13' title='bbox 893 623 1089 709; x_wconf 84' lang='lat' dir='ltr'>captivitatis</span> <span class='ocrx_word' id='word_1_14' title='bbox 1126 623 1293 689; x_wconf 81' lang='lat' dir='ltr'>imminens</span> <span class='ocrx_word' id='word_1_15' title='bbox 1321 627 1414 710; x_wconf 87' lang='lat' dir='ltr'>pacto</span> <span class='ocrx_word' id='word_1_16' title='bbox 1442 621 1499 687; x_wconf 90' lang='lat' dir='ltr'>illo</span> 
     </span>
     <span class='ocr_line' id='line_1_4' title="bbox 259 729 1499 818; baseline 0 -23"><span class='ocrx_word' id='word_1_17' title='bbox 259 729 391 812; x_wconf 83' lang='lat' dir='ltr'>fugisse,</span> <span class='ocrx_word' id='word_1_18' title='bbox 421 731 473 796; x_wconf 85' lang='lat' dir='ltr'>vix</span> <span class='ocrx_word' id='word_1_19' title='bbox 500 732 645 818; x_wconf 88' lang='lat' dir='ltr'>cuiquam</span> <span class='ocrx_word' id='word_1_20' title='bbox 673 731 808 818; x_wconf 88' lang='lat' dir='ltr'>placeat.</span> <span class='ocrx_word' id='word_1_21' title='bbox 855 732 944 799; x_wconf 88' lang='lat' dir='ltr'>Duas</span> <span class='ocrx_word' id='word_1_22' title='bbox 972 733 1068 816; x_wconf 82' lang='lat' dir='ltr'>igitur</span> <span class='ocrx_word' id='word_1_23' title='bbox 1094 731 1264 799; x_wconf 76' lang='lat' dir='ltr'>relationes</span> <span class='ocrx_word' id='word_1_24' title='bbox 1288 731 1326 797; x_wconf 94' lang='lat' dir='ltr'>de</span> <span class='ocrx_word' id='word_1_25' title='bbox 1349 730 1499 798; x_wconf 85' lang='lat' dir='ltr'>Phalaeci</span> 
     </span>
    </p>
   </div>
   <div class='ocr_carea' id='block_1_3' title="bbox 259 830 1622 928">
    <p class='ocr_par' dir='ltr' id='par_1_3' title="bbox 259 830 1622 928">
     <span class='ocr_line' id='line_1_5' title="bbox 259 830 1622 928; baseline 0.004 -26"><span class='ocrx_word' id='word_1_26' title='bbox 259 840 345 903; x_wconf 84' lang='lat' dir='ltr'>exitu</span> <span class='ocrx_word' id='word_1_27' title='bbox 367 838 462 905; x_wconf 79' lang='lat' dir='ltr'>fuisse</span> <span class='ocrx_word' id='word_1_28' title='bbox 485 843 584 925; x_wconf 90' lang='lat' dir='ltr'>patet.</span> <span class='ocrx_word' id='word_1_29' title='bbox 624 838 746 906; x_wconf 89' lang='lat' dir='ltr'>Deinde</span> <span class='ocrx_word' id='word_1_30' title='bbox 762 838 928 927; x_wconf 88' lang='lat' dir='ltr'>Philippus</span> <span class='ocrx_word' id='word_1_31' title='bbox 951 842 983 906; x_wconf 93' lang='lat' dir='ltr'>in</span> <span class='ocrx_word' id='word_1_32' title='bbox 998 860 1024 906; x_wconf 87' lang='lat' dir='ltr'>c.</span> <span class='ocrx_word' id='word_1_33' title='bbox 1043 843 1096 922; x_wconf 88' lang='grc'>64,</span> <span class='ocrx_word' id='word_1_34' title='bbox 1113 848 1131 905; x_wconf 83' lang='grc'><strong>3</strong></span> <span class='ocrx_word' id='word_1_35' title='bbox 1154 861 1280 927; x_wconf 87' lang='lat' dir='ltr'>prorsus</span> <span class='ocrx_word' id='word_1_36' title='bbox 1296 838 1390 928; x_wconf 84' lang='lat' dir='ltr'>aliter</span> <span class='ocrx_word' id='word_1_37' title='bbox 1405 843 1499 926; x_wconf 87' lang='lat' dir='ltr'>atque</span> <span class='ocrx_word' id='word_1_38' title='bbox 1617 830 1622 841; x_wconf 67' lang='grc'><em>’</em></span> 
     </span>
    </p>
   </div>
   <div class='ocr_carea' id='block_1_4' title="bbox 258 943 1594 3614">
    <p class='ocr_par' dir='ltr' id='par_1_4' title="bbox 258 943 1594 3505">
     <span class='ocr_line' id='line_1_6' title="bbox 258 943 1501 1034; baseline 0.002 -24"><span class='ocrx_word' id='word_1_39' title='bbox 258 946 291 1010; x_wconf 93' lang='lat' dir='ltr'>in</span> <span class='ocrx_word' id='word_1_40' title='bbox 315 965 341 1011; x_wconf 87' lang='lat' dir='ltr'>c.</span> <span class='ocrx_word' id='word_1_41' title='bbox 359 948 402 1011; x_wconf 89' lang='grc'>60</span> <span class='ocrx_word' id='word_1_42' title='bbox 418 943 655 1032; x_wconf 88' lang='lat' dir='ltr'>Volquardseno</span> <span class='ocrx_word' id='word_1_43' title='bbox 679 954 713 1014; x_wconf 87' lang='lat' dir='ltr'>ct</span> <span class='ocrx_word' id='word_1_44' title='bbox 734 946 852 1014; x_wconf 89' lang='lat' dir='ltr'>Packio</span> <span class='ocrx_word' id='word_1_45' title='bbox 868 950 954 1015; x_wconf 87' lang='lat' dir='ltr'>uisus</span> <span class='ocrx_word' id='word_1_46' title='bbox 969 952 1028 1031; x_wconf 90' lang='lat' dir='ltr'>est,</span> <span class='ocrx_word' id='word_1_47' title='bbox 1052 950 1088 1014; x_wconf 91' lang='lat' dir='ltr'>ut</span> <span class='ocrx_word' id='word_1_48' title='bbox 1103 947 1187 1013; x_wconf 90' lang='lat' dir='ltr'>ultor</span> <span class='ocrx_word' id='word_1_49' title='bbox 1202 946 1362 1034; x_wconf 87' lang='lat' dir='ltr'>Apollinis</span> <span class='ocrx_word' id='word_1_50' title='bbox 1377 968 1501 1014; x_wconf 90' lang='lat' dir='ltr'>summa</span> 
     </span>
     <span class='ocr_line' id='line_1_7' title="bbox 259 1053 1501 1143; baseline 0.002 -26"><span class='ocrx_word' id='word_1_51' title='bbox 259 1053 409 1136; x_wconf 82' lang='lat' dir='ltr'>religione</span> <span class='ocrx_word' id='word_1_52' title='bbox 432 1074 470 1120; x_wconf 90' lang='lat' dir='ltr'>ac</span> <span class='ocrx_word' id='word_1_53' title='bbox 492 1057 612 1141; x_wconf 89' lang='lat' dir='ltr'>pietate</span> <span class='ocrx_word' id='word_1_54' title='bbox 634 1056 773 1122; x_wconf 88' lang='lat' dir='ltr'>imbutus</span> <span class='ocrx_word' id='word_1_55' title='bbox 794 1056 1007 1142; x_wconf 85' lang='lat' dir='ltr'>praedicatur:</span> <span class='ocrx_word' id='word_1_56' title='bbox 1041 1055 1110 1120; x_wconf 76' lang='grc'>666</span> <span class='ocrx_word' id='word_1_57' title='bbox 1127 1059 1168 1143; x_wconf 77' lang='grc' dir='ltr'>τῷ</span> <span class='ocrx_word' id='word_1_58' title='bbox 1182 1060 1319 1141; x_wconf 77' lang='grc' dir='ltr'><strong><em>μαντείῳ</em></strong></span> <span class='ocrx_word' id='word_1_59' title='bbox 1335 1060 1501 1142; x_wconf 73' lang='grc' dir='ltr'>βοηθήσας</span> 
     </span>
     <span class='ocr_line' id='line_1_8' title="bbox 263 1162 1498 1250; baseline 0.002 -26"><span class='ocrx_word' id='word_1_60' title='bbox 263 1162 428 1236; x_wconf 80' lang='grc' dir='ltr'><strong><em>Φίλιππος</em></strong></span> <span class='ocrx_word' id='word_1_61' title='bbox 453 1162 522 1227; x_wconf 79' lang='grc' dir='ltr'>ἀπὸ</span> <span class='ocrx_word' id='word_1_62' title='bbox 552 1164 671 1227; x_wconf 77' lang='grc' dir='ltr'><strong><em>τούτων</em></strong></span> <span class='ocrx_word' id='word_1_63' title='bbox 699 1167 761 1228; x_wconf 81' lang='grc' dir='ltr'>τῶν</span> <span class='ocrx_word' id='word_1_64' title='bbox 788 1163 912 1250; x_wconf 83' lang='grc' dir='ltr'><em>χρόνων</em></span> <span class='ocrx_word' id='word_1_65' title='bbox 939 1164 991 1228; x_wconf 79' lang='grc' dir='ltr'><strong><em>ἀεὶ</em></strong></span> <span class='ocrx_word' id='word_1_66' title='bbox 1005 1163 1129 1246; x_wconf 77' lang='grc' dir='ltr'><strong><em>μᾶλλον</em></strong></span> <span class='ocrx_word' id='word_1_67' title='bbox 1151 1163 1324 1245; x_wconf 81' lang='grc' dir='ltr'><strong><em>οιοξόμενος</em></strong></span> <span class='ocrx_word' id='word_1_68' title='bbox 1340 1164 1374 1227; x_wconf 83' lang='grc' dir='ltr'>τὸ</span> <span class='ocrx_word' id='word_1_69' title='bbox 1391 1164 1498 1229; x_wconf 87' lang='grc' dir='ltr'><strong><em>τελεο-</em></strong></span> 
     </span>
     <span class='ocr_line' id='line_1_9' title="bbox 260 1256 1500 1359; baseline 0.002 -27"><span class='ocrx_word' id='word_1_70' title='bbox 260 1281 349 1333; x_wconf 78' lang='grc' dir='ltr'><strong><em>τοιΐον</em></strong></span> <span class='ocrx_word' id='word_1_71' title='bbox 371 1270 425 1333; x_wconf 81' lang='grc' dir='ltr'>διὰ</span> <span class='ocrx_word' id='word_1_72' title='bbox 450 1272 505 1355; x_wconf 79' lang='grc' dir='ltr'>τὴν</span> <span class='ocrx_word' id='word_1_73' title='bbox 528 1274 572 1345; x_wconf 80' lang='grc' dir='ltr'><strong><em>εἰς</em></strong></span> <span class='ocrx_word' id='word_1_74' title='bbox 595 1272 629 1335; x_wconf 83' lang='grc' dir='ltr'>τὸ</span> <span class='ocrx_word' id='word_1_75' title='bbox 645 1276 739 1336; x_wconf 71' lang='grc' dir='ltr'><strong><em>θεῖον</em></strong></span> <span class='ocrx_word' id='word_1_76' title='bbox 753 1272 917 1355; x_wconf 66' lang='lat' dir='ltr'>occidatur</span> <span class='ocrx_word' id='word_1_77' title='bbox 933 1275 974 1359; x_wconf 88' lang='lat' dir='ltr'>(c.</span> <span class='ocrx_word' id='word_1_78' title='bbox 993 1274 1045 1354; x_wconf 89' lang='lat'>38,</span> <span class='ocrx_word' id='word_1_79' title='bbox 1063 1272 1095 1356; x_wconf 78' lang='lat'>2)</span> <span class='ocrx_word' id='word_1_80' title='bbox 1111 1271 1234 1356; x_wconf 77' lang='grc' dir='ltr'><strong><em>ἡγεμών</em></strong></span> <span class='ocrx_word' id='word_1_81' title='bbox 1248 1256 1431 1356; x_wconf 65' lang='grc' dir='ltr'><strong><em>ἀπεδείχθη</em></strong></span> <span class='ocrx_word' id='word_1_82' title='bbox 1448 1275 1500 1358; x_wconf 71' lang='grc' dir='ltr'>τῆς</span> 
     </span>
     <span class='ocr_line' id='line_1_10' title="bbox 259 1376 1500 1462; baseline 0.004 -23"><span class='ocrx_word' id='word_1_83' title='bbox 259 1376 415 1451; x_wconf 79' lang='grc' dir='ltr'><strong><em>Ἑλλάδος</em></strong></span> <span class='ocrx_word' id='word_1_84' title='bbox 438 1378 553 1461; x_wconf 72' lang='grc' dir='ltr'><strong><em>πάσης.</em></strong></span> <span class='ocrx_word' id='word_1_85' title='bbox 593 1377 682 1456; x_wconf 84' lang='lat' dir='ltr'>Quod</span> <span class='ocrx_word' id='word_1_86' title='bbox 704 1384 738 1445; x_wconf 89' lang='lat' dir='ltr'>et</span> <span class='ocrx_word' id='word_1_87' title='bbox 760 1381 793 1445; x_wconf 91' lang='lat' dir='ltr'>in</span> <span class='ocrx_word' id='word_1_88' title='bbox 816 1400 841 1446; x_wconf 89' lang='lat' dir='ltr'>e.</span> <span class='ocrx_word' id='word_1_89' title='bbox 869 1383 957 1462; x_wconf 88' lang='grc'>60,4</span> <span class='ocrx_word' id='word_1_90' title='bbox 979 1385 1013 1445; x_wconf 90' lang='lat' dir='ltr'>et</span> <span class='ocrx_word' id='word_1_91' title='bbox 1033 1381 1085 1462; x_wconf 87' lang='grc'>65,</span> <span class='ocrx_word' id='word_1_92' title='bbox 1101 1387 1121 1442; x_wconf 87' lang='lat'><strong>4</strong></span> <span class='ocrx_word' id='word_1_93' title='bbox 1136 1378 1247 1445; x_wconf 90' lang='lat' dir='ltr'>eadem</span> <span class='ocrx_word' id='word_1_94' title='bbox 1263 1379 1327 1444; x_wconf 85' lang='lat' dir='ltr'>fere</span> <span class='ocrx_word' id='word_1_95' title='bbox 1343 1380 1500 1444; x_wconf 83' lang='lat' dir='ltr'>sententia</span> 
     </span>
     <span class='ocr_line' id='line_1_11' title="bbox 259 1483 1594 1574; baseline 0.002 -26"><span class='ocrx_word' id='word_1_96' title='bbox 259 1483 448 1570; x_wconf 79' lang='lat' dir='ltr'>explicatur,</span> <span class='ocrx_word' id='word_1_97' title='bbox 484 1488 517 1551; x_wconf 91' lang='lat' dir='ltr'>in</span> <span class='ocrx_word' id='word_1_98' title='bbox 545 1485 735 1553; x_wconf 87' lang='lat' dir='ltr'>Graecarum</span> <span class='ocrx_word' id='word_1_99' title='bbox 770 1509 875 1555; x_wconf 88' lang='lat' dir='ltr'>rerum</span> <span class='ocrx_word' id='word_1_100' title='bbox 910 1491 996 1554; x_wconf 89' lang='lat' dir='ltr'>statu</span> <span class='ocrx_word' id='word_1_101' title='bbox 1024 1484 1127 1574; x_wconf 90' lang='lat' dir='ltr'>qualis</span> <span class='ocrx_word' id='word_1_102' title='bbox 1154 1490 1223 1552; x_wconf 90' lang='lat' dir='ltr'>tum</span> <span class='ocrx_word' id='word_1_103' title='bbox 1251 1490 1334 1569; x_wconf 87' lang='lat' dir='ltr'>erat,</span> <span class='ocrx_word' id='word_1_104' title='bbox 1370 1488 1498 1551; x_wconf 90' lang='lat' dir='ltr'>minime</span> <span class='ocrx_word' id='word_1_105' title='bbox 1591 1560 1594 1569; x_wconf 17' lang='grc' dir='ltr'><strong>Χ</strong></span> 
     </span>
     <span class='ocr_line' id='line_1_12' title="bbox 260 1589 1498 1681; baseline 0.002 -26"><span class='ocrx_word' id='word_1_106' title='bbox 260 1589 399 1659; x_wconf 88' lang='lat' dir='ltr'>offendit.</span> <span class='ocrx_word' id='word_1_107' title='bbox 452 1592 593 1681; x_wconf 89' lang='lat' dir='ltr'>Denique</span> <span class='ocrx_word' id='word_1_108' title='bbox 622 1595 752 1661; x_wconf 91' lang='lat' dir='ltr'>Diodori</span> <span class='ocrx_word' id='word_1_109' title='bbox 780 1596 878 1681; x_wconf 91' lang='lat' dir='ltr'>ipsius</span> <span class='ocrx_word' id='word_1_110' title='bbox 914 1595 1010 1662; x_wconf 86' lang='lat' dir='ltr'>uerba</span> <span class='ocrx_word' id='word_1_111' title='bbox 1045 1597 1118 1681; x_wconf 87' lang='grc'>(60,</span> <span class='ocrx_word' id='word_1_112' title='bbox 1146 1595 1179 1678; x_wconf 83' lang='grc'>5)</span> <span class='ocrx_word' id='word_1_113' title='bbox 1216 1613 1253 1658; x_wconf 85' lang='lat' dir='ltr'>ex</span> <span class='ocrx_word' id='word_1_114' title='bbox 1282 1592 1344 1659; x_wconf 90' lang='lat' dir='ltr'>alio</span> <span class='ocrx_word' id='word_1_115' title='bbox 1373 1597 1498 1659; x_wconf 87' lang='lat' dir='ltr'>auctore</span> 
     </span>
     <span class='ocr_line' id='line_1_13' title="bbox 259 1700 1498 1789; baseline 0.002 -25"><span class='ocrx_word' id='word_1_116' title='bbox 259 1718 328 1786; x_wconf 84' lang='lat' dir='ltr'>epp.</span> <span class='ocrx_word' id='word_1_117' title='bbox 355 1701 502 1783; x_wconf 85' lang='grc'>56-60,</span> <span class='ocrx_word' id='word_1_118' title='bbox 538 1723 577 1767; x_wconf 85' lang='lat' dir='ltr'>ex</span> <span class='ocrx_word' id='word_1_119' title='bbox 605 1702 668 1768; x_wconf 90' lang='lat' dir='ltr'>alio</span> <span class='ocrx_word' id='word_1_120' title='bbox 698 1705 830 1768; x_wconf 89' lang='grc'>61-64</span> <span class='ocrx_word' id='word_1_121' title='bbox 858 1704 961 1789; x_wconf 88' lang='lat' dir='ltr'>petita</span> <span class='ocrx_word' id='word_1_122' title='bbox 995 1723 1063 1769; x_wconf 87' lang='lat' dir='ltr'>esse</span> <span class='ocrx_word' id='word_1_123' title='bbox 1095 1701 1205 1768; x_wconf 91' lang='lat' dir='ltr'>docere</span> <span class='ocrx_word' id='word_1_124' title='bbox 1233 1700 1311 1780; x_wconf 83' lang='lat' dir='ltr'>mihi</span> <span class='ocrx_word' id='word_1_125' title='bbox 1338 1700 1498 1784; x_wconf 82' lang='lat' dir='ltr'>videntur3</span> 
     </span>
     <span class='ocr_line' id='line_1_14' title="bbox 259 1808 1499 1897; baseline -0.001 -24"><span class='ocrx_word' id='word_1_126' title='bbox 259 1808 362 1873; x_wconf 77' lang='lat' dir='ltr'>verbis</span> <span class='ocrx_word' id='word_1_127' title='bbox 391 1810 473 1874; x_wconf 85' lang='lat' dir='ltr'>enim</span> <span class='ocrx_word' id='word_1_128' title='bbox 500 1811 586 1874; x_wconf 77' lang='grc' dir='ltr'><strong><em>ἀλλὰ</em></strong></span> <span class='ocrx_word' id='word_1_129' title='bbox 615 1813 689 1897; x_wconf 77' lang='grc' dir='ltr'><strong><em>περὶ</em></strong></span> <span class='ocrx_word' id='word_1_130' title='bbox 715 1812 774 1894; x_wconf 81' lang='grc' dir='ltr'>μὲν</span> <span class='ocrx_word' id='word_1_131' title='bbox 802 1811 922 1875; x_wconf 79' lang='grc' dir='ltr'><strong><em>τούτων</em></strong></span> <span class='ocrx_word' id='word_1_132' title='bbox 949 1813 989 1874; x_wconf 81' lang='grc' dir='ltr'>τὰ</span> <span class='ocrx_word' id='word_1_133' title='bbox 1011 1812 1094 1875; x_wconf 77' lang='grc' dir='ltr'><strong><em>κατὰ</em></strong></span> <span class='ocrx_word' id='word_1_134' title='bbox 1116 1815 1208 1896; x_wconf 71' lang='grc' dir='ltr'><strong><em>μέρος</em></strong></span> <span class='ocrx_word' id='word_1_135' title='bbox 1231 1811 1267 1873; x_wconf 76' lang='grc' dir='ltr'>ἐν</span> <span class='ocrx_word' id='word_1_136' title='bbox 1291 1823 1353 1884; x_wconf 83' lang='grc' dir='ltr'><strong><em>τοῖς</em></strong></span> <span class='ocrx_word' id='word_1_137' title='bbox 1376 1813 1499 1884; x_wconf 79' lang='grc' dir='ltr'><strong><em>οἰκείοις</em></strong></span> 
     </span>
     <span class='ocr_line' id='line_1_15' title="bbox 258 1915 1497 2004; baseline 0.002 -26"><span class='ocrx_word' id='word_1_138' title='bbox 258 1915 384 2000; x_wconf 85' lang='grc' dir='ltr'><strong><em>χρ’νοις</em></strong></span> <span class='ocrx_word' id='word_1_139' title='bbox 402 1916 648 2003; x_wconf 77' lang='grc' dir='ltr'><strong><em>ἀναγράψομεν,</em></strong></span> <span class='ocrx_word' id='word_1_140' title='bbox 670 1921 730 1982; x_wconf 74' lang='grc' dir='ltr'>νῦν</span> <span class='ocrx_word' id='word_1_141' title='bbox 753 1918 839 1982; x_wconf 75' lang='grc' dir='ltr'><em>δ’ἕπὶ</em></span> <span class='ocrx_word' id='word_1_142' title='bbox 862 1919 896 1982; x_wconf 80' lang='grc' dir='ltr'>τὸ</span> <span class='ocrx_word' id='word_1_143' title='bbox 919 1919 1046 1998; x_wconf 78' lang='grc' dir='ltr'><strong><em>συνεχὲς</em></strong></span> <span class='ocrx_word' id='word_1_144' title='bbox 1069 1922 1121 2004; x_wconf 74' lang='grc' dir='ltr'>τῆς</span> <span class='ocrx_word' id='word_1_145' title='bbox 1139 1917 1279 2004; x_wconf 52' lang='grc' dir='ltr'><strong><em>,ἱστορίας</em></strong></span> <span class='ocrx_word' id='word_1_146' title='bbox 1295 1917 1497 2004; x_wconf 72' lang='grc' dir='ltr'><strong><em>τρεψόμεθα·</em></strong></span> 
     </span>
     <span class='ocr_line' id='line_1_16' title="bbox 258 2022 1498 2114; baseline 0.002 -27"><span class='ocrx_word' id='word_1_147' title='bbox 258 2022 338 2088; x_wconf 91' lang='lat' dir='ltr'>nihil</span> <span class='ocrx_word' id='word_1_148' title='bbox 373 2023 460 2089; x_wconf 89' lang='lat' dir='ltr'>aliud</span> <span class='ocrx_word' id='word_1_149' title='bbox 488 2024 643 2091; x_wconf 87' lang='lat' dir='ltr'>Diodorus</span> <span class='ocrx_word' id='word_1_150' title='bbox 678 2028 876 2112; x_wconf 86' lang='lat' dir='ltr'>pronuntiat,</span> <span class='ocrx_word' id='word_1_151' title='bbox 912 2049 1005 2114; x_wconf 89' lang='lat' dir='ltr'>quam</span> <span class='ocrx_word' id='word_1_152' title='bbox 1033 2024 1187 2092; x_wconf 88' lang='lat' dir='ltr'>Phocaico</span> <span class='ocrx_word' id='word_1_153' title='bbox 1222 2024 1307 2092; x_wconf 90' lang='lat' dir='ltr'>bello</span> <span class='ocrx_word' id='word_1_154' title='bbox 1336 2025 1377 2091; x_wconf 89' lang='lat' dir='ltr'>ad</span> <span class='ocrx_word' id='word_1_155' title='bbox 1405 2026 1498 2090; x_wconf 90' lang='lat' dir='ltr'>finem</span> 
     </span>
     <span class='ocr_line' id='line_1_17' title="bbox 258 2131 1498 2215; baseline 0.002 -19"><span class='ocrx_word' id='word_1_156' title='bbox 258 2135 385 2196; x_wconf 85' lang='lat' dir='ltr'>narrato</span> <span class='ocrx_word' id='word_1_157' title='bbox 413 2152 494 2197; x_wconf 90' lang='lat' dir='ltr'>nunc</span> <span class='ocrx_word' id='word_1_158' title='bbox 522 2131 563 2197; x_wconf 93' lang='lat' dir='ltr'>ad</span> <span class='ocrx_word' id='word_1_159' title='bbox 590 2131 670 2198; x_wconf 88' lang='lat' dir='ltr'>alias</span> <span class='ocrx_word' id='word_1_160' title='bbox 697 2154 747 2199; x_wconf 89' lang='lat' dir='ltr'>res</span> <span class='ocrx_word' id='word_1_161' title='bbox 773 2133 979 2200; x_wconf 87' lang='lat' dir='ltr'>illustrandas</span> <span class='ocrx_word' id='word_1_162' title='bbox 1002 2154 1071 2200; x_wconf 89' lang='lat' dir='ltr'>sese</span> <span class='ocrx_word' id='word_1_163' title='bbox 1093 2135 1298 2199; x_wconf 89' lang='lat' dir='ltr'>transiturum</span> <span class='ocrx_word' id='word_1_164' title='bbox 1321 2154 1403 2215; x_wconf 86' lang='lat' dir='ltr'>esse3</span> <span class='ocrx_word' id='word_1_165' title='bbox 1432 2131 1498 2198; x_wconf 88' lang='lat' dir='ltr'>illis</span> 
     </span>
     <span class='ocr_line' id='line_1_18' title="bbox 259 2239 1499 2327; baseline 0 -23"><span class='ocrx_word' id='word_1_166' title='bbox 259 2241 342 2304; x_wconf 88' lang='lat' dir='ltr'>anim</span> <span class='ocrx_word' id='word_1_167' title='bbox 370 2239 474 2305; x_wconf 85' lang='lat' dir='ltr'>uerbis</span> <span class='ocrx_word' id='word_1_168' title='bbox 502 2241 576 2326; x_wconf 73' lang='grc' dir='ltr'><strong><em>περὶ</em></strong></span> <span class='ocrx_word' id='word_1_169' title='bbox 602 2241 661 2323; x_wconf 82' lang='grc' dir='ltr'>μὲν</span> <span class='ocrx_word' id='word_1_170' title='bbox 684 2241 803 2305; x_wconf 80' lang='grc' dir='ltr'><strong><em>τούτων</em></strong></span> <span class='ocrx_word' id='word_1_171' title='bbox 826 2242 882 2305; x_wconf 86' lang='grc' dir='ltr'>κτλ</span> <span class='ocrx_word' id='word_1_172' title='bbox 904 2243 951 2307; x_wconf 88' lang='lat' dir='ltr'>ita</span> <span class='ocrx_word' id='word_1_173' title='bbox 972 2243 1019 2306; x_wconf 91' lang='lat' dir='ltr'>uti</span> <span class='ocrx_word' id='word_1_174' title='bbox 1042 2240 1138 2322; x_wconf 89' lang='lat' dir='ltr'>solet,</span> <span class='ocrx_word' id='word_1_175' title='bbox 1169 2245 1203 2306; x_wconf 91' lang='lat' dir='ltr'>ut</span> <span class='ocrx_word' id='word_1_176' title='bbox 1227 2280 1268 2288; x_wconf 95' lang='lat'><em>-</em></span> <span class='ocrx_word' id='word_1_177' title='bbox 1293 2240 1376 2327; x_wconf 93' lang='lat' dir='ltr'>quod</span> <span class='ocrx_word' id='word_1_178' title='bbox 1399 2260 1437 2304; x_wconf 84' lang='lat' dir='ltr'>ex</span> <span class='ocrx_word' id='word_1_179' title='bbox 1460 2241 1499 2304; x_wconf 91' lang='lat' dir='ltr'>iis</span> 
     </span>
     <span class='ocr_line' id='line_1_19' title="bbox 258 2345 1500 2435; baseline 0.001 -25"><span class='ocrx_word' id='word_1_180' title='bbox 258 2347 335 2431; x_wconf 90' lang='lat' dir='ltr'>ipsis</span> <span class='ocrx_word' id='word_1_181' title='bbox 358 2348 499 2432; x_wconf 90' lang='lat' dir='ltr'>sequitur</span> <span class='ocrx_word' id='word_1_182' title='bbox 515 2386 556 2394; x_wconf 94' lang='lat'><em>-</em></span> <span class='ocrx_word' id='word_1_183' title='bbox 574 2351 630 2412; x_wconf 89' lang='lat' dir='ltr'>aut</span> <span class='ocrx_word' id='word_1_184' title='bbox 653 2346 693 2412; x_wconf 92' lang='lat' dir='ltr'>ad</span> <span class='ocrx_word' id='word_1_185' title='bbox 716 2369 755 2413; x_wconf 88' lang='lat' dir='ltr'>ea</span> <span class='ocrx_word' id='word_1_186' title='bbox 777 2369 857 2435; x_wconf 90' lang='lat' dir='ltr'>quae</span> <span class='ocrx_word' id='word_1_187' title='bbox 881 2345 1064 2414; x_wconf 82' lang='lat' dir='ltr'>breuissime</span> <span class='ocrx_word' id='word_1_188' title='bbox 1087 2346 1179 2413; x_wconf 89' lang='lat' dir='ltr'>modo</span> <span class='ocrx_word' id='word_1_189' title='bbox 1204 2347 1447 2413; x_wconf 86' lang='lat' dir='ltr'>adumbraverat</span> <span class='ocrx_word' id='word_1_190' title='bbox 1467 2349 1500 2411; x_wconf 91' lang='lat' dir='ltr'>in</span> 
     </span>
     <span class='ocr_line' id='line_1_20' title="bbox 259 2452 1498 2542; baseline -0.001 -25"><span class='ocrx_word' id='word_1_191' title='bbox 259 2452 365 2518; x_wconf 87' lang='lat' dir='ltr'>ordine</span> <span class='ocrx_word' id='word_1_192' title='bbox 389 2474 493 2517; x_wconf 89' lang='lat' dir='ltr'>rerum</span> <span class='ocrx_word' id='word_1_193' title='bbox 516 2455 689 2521; x_wconf 88' lang='lat' dir='ltr'>accuratius</span> <span class='ocrx_word' id='word_1_194' title='bbox 712 2456 895 2542; x_wconf 83' lang='lat' dir='ltr'>exponenda</span> <span class='ocrx_word' id='word_1_195' title='bbox 918 2456 957 2522; x_wconf 86' lang='lat' dir='ltr'>cf.</span> <span class='ocrx_word' id='word_1_196' title='bbox 982 2452 1042 2520; x_wconf 85' lang='lat' dir='ltr'>XV</span> <span class='ocrx_word' id='word_1_197' title='bbox 1066 2458 1124 2536; x_wconf 86' lang='grc'>39,</span> <span class='ocrx_word' id='word_1_198' title='bbox 1141 2463 1173 2536; x_wconf 85' lang='lat'>33</span> <span class='ocrx_word' id='word_1_199' title='bbox 1203 2452 1278 2519; x_wconf 88' lang='lat' dir='ltr'>XVI</span> <span class='ocrx_word' id='word_1_200' title='bbox 1304 2458 1387 2537; x_wconf 81' lang='lat'>1,5;</span> <span class='ocrx_word' id='word_1_201' title='bbox 1413 2456 1448 2535; x_wconf 84' lang='lat'>5,</span> <span class='ocrx_word' id='word_1_202' title='bbox 1465 2461 1498 2535; x_wconf 83' lang='lat'>43</span> 
     </span>
     <span class='ocr_line' id='line_1_21' title="bbox 260 2558 1497 2646; baseline 0.002 -23"><span class='ocrx_word' id='word_1_203' title='bbox 260 2562 313 2641; x_wconf 87' lang='grc'>65,</span> <span class='ocrx_word' id='word_1_204' title='bbox 330 2567 362 2641; x_wconf 87' lang='grc'>9;</span> <span class='ocrx_word' id='word_1_205' title='bbox 387 2558 480 2624; x_wconf 88' lang='lat' dir='ltr'>XVII</span> <span class='ocrx_word' id='word_1_206' title='bbox 504 2564 534 2643; x_wconf 88' lang='grc'>6,</span> <span class='ocrx_word' id='word_1_207' title='bbox 552 2568 569 2624; x_wconf 86' lang='grc'><strong>3</strong></span> <span class='ocrx_word' id='word_1_208' title='bbox 592 2565 648 2626; x_wconf 90' lang='lat' dir='ltr'>aut</span> <span class='ocrx_word' id='word_1_209' title='bbox 670 2562 711 2628; x_wconf 92' lang='lat' dir='ltr'>ad</span> <span class='ocrx_word' id='word_1_210' title='bbox 727 2564 851 2628; x_wconf 91' lang='lat' dir='ltr'>omnino</span> <span class='ocrx_word' id='word_1_211' title='bbox 867 2583 949 2629; x_wconf 81' lang='lat' dir='ltr'>nova</span> <span class='ocrx_word' id='word_1_212' title='bbox 965 2561 1124 2627; x_wconf 88' lang='lat' dir='ltr'>afferenda</span> <span class='ocrx_word' id='word_1_213' title='bbox 1138 2563 1306 2627; x_wconf 90' lang='lat' dir='ltr'>transitum</span> <span class='ocrx_word' id='word_1_214' title='bbox 1322 2561 1381 2627; x_wconf 91' lang='lat' dir='ltr'>sibi</span> <span class='ocrx_word' id='word_1_215' title='bbox 1397 2564 1497 2646; x_wconf 86' lang='lat' dir='ltr'>paret.</span> 
     </span>
     <span class='ocr_line' id='line_1_22' title="bbox 258 2665 1500 2755; baseline 0.001 -24"><span class='ocrx_word' id='word_1_216' title='bbox 258 2665 365 2753; x_wconf 81' lang='lat' dir='ltr'>Atque</span> <span class='ocrx_word' id='word_1_217' title='bbox 387 2666 420 2732; x_wconf 94' lang='lat' dir='ltr'>id</span> <span class='ocrx_word' id='word_1_218' title='bbox 443 2669 473 2733; x_wconf 93' lang='lat' dir='ltr'>ei</span> <span class='ocrx_word' id='word_1_219' title='bbox 495 2671 691 2755; x_wconf 91' lang='lat' dir='ltr'>propositum</span> <span class='ocrx_word' id='word_1_220' title='bbox 714 2671 809 2736; x_wconf 84' lang='lat' dir='ltr'>fuisse</span> <span class='ocrx_word' id='word_1_221' title='bbox 833 2669 967 2752; x_wconf 87' lang='lat' dir='ltr'>uidetur,</span> <span class='ocrx_word' id='word_1_222' title='bbox 991 2673 1028 2734; x_wconf 91' lang='lat' dir='ltr'>ut</span> <span class='ocrx_word' id='word_1_223' title='bbox 1050 2669 1198 2755; x_wconf 88' lang='lat' dir='ltr'>quoniam</span> <span class='ocrx_word' id='word_1_224' title='bbox 1221 2689 1238 2734; x_wconf 93' lang='lat' dir='ltr'>e</span> <span class='ocrx_word' id='word_1_225' title='bbox 1261 2668 1348 2734; x_wconf 86' lang='lat' dir='ltr'>fonte</span> <span class='ocrx_word' id='word_1_226' title='bbox 1371 2687 1426 2734; x_wconf 90' lang='lat' dir='ltr'>suo</span> <span class='ocrx_word' id='word_1_227' title='bbox 1450 2686 1500 2734; x_wconf 88' lang='lat' dir='ltr'>sa-</span> 
     </span>
     <span class='ocr_line' id='line_1_23' title="bbox 260 2773 1499 2863; baseline 0 -23"><span class='ocrx_word' id='word_1_228' title='bbox 260 2793 346 2840; x_wconf 89' lang='lat' dir='ltr'>crum</span> <span class='ocrx_word' id='word_1_229' title='bbox 369 2773 489 2839; x_wconf 89' lang='lat' dir='ltr'>bellum</span> <span class='ocrx_word' id='word_1_230' title='bbox 512 2797 610 2862; x_wconf 90' lang='lat' dir='ltr'>usque</span> <span class='ocrx_word' id='word_1_231' title='bbox 630 2776 671 2842; x_wconf 89' lang='lat' dir='ltr'>ad</span> <span class='ocrx_word' id='word_1_232' title='bbox 687 2777 781 2842; x_wconf 88' lang='lat' dir='ltr'>finem</span> <span class='ocrx_word' id='word_1_233' title='bbox 796 2776 952 2863; x_wconf 86' lang='lat' dir='ltr'>perduxit,</span> <span class='ocrx_word' id='word_1_234' title='bbox 976 2775 1090 2843; x_wconf 82' lang='lat' dir='ltr'>Siculis</span> <span class='ocrx_word' id='word_1_235' title='bbox 1105 2776 1199 2842; x_wconf 90' lang='lat' dir='ltr'>rebus</span> <span class='ocrx_word' id='word_1_236' title='bbox 1213 2776 1377 2841; x_wconf 87' lang='lat' dir='ltr'>narrandis</span> <span class='ocrx_word' id='word_1_237' title='bbox 1393 2792 1499 2841; x_wconf 86' lang='lat' dir='ltr'>curam</span> 
     </span>
     <span class='ocr_line' id='line_1_24' title="bbox 259 2881 1497 2971; baseline 0 -25"><span class='ocrx_word' id='word_1_238' title='bbox 259 2881 463 2967; x_wconf 85' lang='lat' dir='ltr'>impenderet,</span> <span class='ocrx_word' id='word_1_239' title='bbox 499 2882 555 2948; x_wconf 92' lang='lat' dir='ltr'>sed</span> <span class='ocrx_word' id='word_1_240' title='bbox 582 2903 656 2950; x_wconf 85' lang='lat' dir='ltr'>casu</span> <span class='ocrx_word' id='word_1_241' title='bbox 682 2883 820 2970; x_wconf 90' lang='lat' dir='ltr'>quodam</span> <span class='ocrx_word' id='word_1_242' title='bbox 847 2904 899 2966; x_wconf 88' lang='lat' dir='ltr'>en,</span> <span class='ocrx_word' id='word_1_243' title='bbox 929 2905 1023 2971; x_wconf 88' lang='lat' dir='ltr'>quern</span> <span class='ocrx_word' id='word_1_244' title='bbox 1049 2883 1122 2948; x_wconf 90' lang='lat' dir='ltr'>inde</span> <span class='ocrx_word' id='word_1_245' title='bbox 1150 2903 1170 2946; x_wconf 92' lang='lat' dir='ltr'>a</span> <span class='ocrx_word' id='word_1_246' title='bbox 1192 2902 1219 2948; x_wconf 91' lang='lat' dir='ltr'>c.</span> <span class='ocrx_word' id='word_1_247' title='bbox 1246 2883 1287 2946; x_wconf 95' lang='grc'>56</span> <span class='ocrx_word' id='word_1_248' title='bbox 1316 2884 1497 2968; x_wconf 88' lang='lat' dir='ltr'>reliquerat,</span> 
     </span>
     <span class='ocr_line' id='line_1_25' title="bbox 259 2987 1500 3077; baseline 0.001 -25"><span class='ocrx_word' id='word_1_249' title='bbox 259 2988 345 3053; x_wconf 90' lang='lat' dir='ltr'>fonte</span> <span class='ocrx_word' id='word_1_250' title='bbox 373 2990 488 3055; x_wconf 89' lang='lat' dir='ltr'>iterum</span> <span class='ocrx_word' id='word_1_251' title='bbox 517 2992 657 3076; x_wconf 87' lang='lat' dir='ltr'>inspecto</span> <span class='ocrx_word' id='word_1_252' title='bbox 686 3010 754 3077; x_wconf 86' lang='lat' dir='ltr'>opp.</span> <span class='ocrx_word' id='word_1_253' title='bbox 786 2992 919 3056; x_wconf 81' lang='grc'>61-64</span> <span class='ocrx_word' id='word_1_254' title='bbox 947 2990 1128 3077; x_wconf 90' lang='lat' dir='ltr'>appendicis</span> <span class='ocrx_word' id='word_1_255' title='bbox 1155 2988 1224 3054; x_wconf 91' lang='lat' dir='ltr'>loco</span> <span class='ocrx_word' id='word_1_256' title='bbox 1253 2988 1383 3054; x_wconf 89' lang='lat' dir='ltr'>addidit.</span> <span class='ocrx_word' id='word_1_257' title='bbox 1430 2987 1500 3054; x_wconf 88' lang='lat' dir='ltr'>Hac</span> 
     </span>
     <span class='ocr_line' id='line_1_26' title="bbox 260 3095 1499 3183; baseline 0.001 -23"><span class='ocrx_word' id='word_1_258' title='bbox 260 3115 381 3182; x_wconf 90' lang='lat' dir='ltr'>quoque</span> <span class='ocrx_word' id='word_1_259' title='bbox 405 3103 495 3183; x_wconf 90' lang='lat' dir='ltr'>parte</span> <span class='ocrx_word' id='word_1_260' title='bbox 522 3097 683 3180; x_wconf 84' lang='lat' dir='ltr'>absoluta,</span> <span class='ocrx_word' id='word_1_261' title='bbox 711 3102 780 3163; x_wconf 89' lang='lat' dir='ltr'>tum</span> <span class='ocrx_word' id='word_1_262' title='bbox 804 3097 929 3164; x_wconf 90' lang='lat' dir='ltr'>demum</span> <span class='ocrx_word' id='word_1_263' title='bbox 957 3098 997 3164; x_wconf 92' lang='lat' dir='ltr'>ad</span> <span class='ocrx_word' id='word_1_264' title='bbox 1020 3096 1142 3163; x_wconf 84' lang='lat' dir='ltr'>Siculas</span> <span class='ocrx_word' id='word_1_265' title='bbox 1170 3115 1220 3161; x_wconf 89' lang='lat' dir='ltr'>res</span> <span class='ocrx_word' id='word_1_266' title='bbox 1248 3095 1437 3161; x_wconf 87' lang='lat' dir='ltr'>enarrandas</span> <span class='ocrx_word' id='word_1_267' title='bbox 1464 3115 1499 3161; x_wconf 89' lang='lat' dir='ltr'>se</span> 
     </span>
     <span class='ocr_line' id='line_1_27' title="bbox 260 3201 1584 3292; baseline -0.001 -25"><span class='ocrx_word' id='word_1_268' title='bbox 260 3205 366 3285; x_wconf 85' lang='lat' dir='ltr'>uertit,</span> <span class='ocrx_word' id='word_1_269' title='bbox 383 3205 497 3269; x_wconf 89' lang='lat' dir='ltr'>iterum</span> <span class='ocrx_word' id='word_1_270' title='bbox 512 3225 601 3270; x_wconf 88' lang='lat' dir='ltr'>sacro</span> <span class='ocrx_word' id='word_1_271' title='bbox 617 3202 702 3270; x_wconf 91' lang='lat' dir='ltr'>bello</span> <span class='ocrx_word' id='word_1_272' title='bbox 718 3204 824 3270; x_wconf 83' lang='lat' dir='ltr'>valere</span> <span class='ocrx_word' id='word_1_273' title='bbox 841 3204 946 3270; x_wconf 89' lang='lat' dir='ltr'>dicens</span> <span class='ocrx_word' id='word_1_274' title='bbox 961 3204 1011 3271; x_wconf 90' lang='lat' dir='ltr'>his</span> <span class='ocrx_word' id='word_1_275' title='bbox 1028 3204 1146 3271; x_wconf 85' lang='lat' dir='ltr'>verbis:</span> <span class='ocrx_word' id='word_1_276' title='bbox 1171 3202 1258 3289; x_wconf 69' lang='grc' dir='ltr'><strong><em>ἡμεῖς</em></strong></span> <span class='ocrx_word' id='word_1_277' title='bbox 1273 3203 1308 3267; x_wconf 77' lang='grc' dir='ltr'>δὲ</span> <span class='ocrx_word' id='word_1_278' title='bbox 1323 3201 1500 3288; x_wconf 78' lang='grc' dir='ltr'><strong><em>ἀρκούντως</em></strong></span> <span class='ocrx_word' id='word_1_279' title='bbox 1577 3286 1584 3292; x_wconf 15' lang='grc' dir='ltr'>ἢ</span> 
     </span>
     <span class='ocr_line' id='line_1_28' title="bbox 260 3307 1500 3399; baseline 0 -26"><span class='ocrx_word' id='word_1_280' title='bbox 260 3309 488 3395; x_wconf 72' lang='grc' dir='ltr'><strong><em>διεληλυθότες</em></strong></span> <span class='ocrx_word' id='word_1_281' title='bbox 504 3313 558 3376; x_wconf 86' lang='grc' dir='ltr'>τὸν</span> <span class='ocrx_word' id='word_1_282' title='bbox 574 3311 659 3399; x_wconf 72' lang='grc' dir='ltr'><strong><em>ἱερὸν</em></strong></span> <span class='ocrx_word' id='word_1_283' title='bbox 681 3308 823 3395; x_wconf 80' lang='grc' dir='ltr'><strong><em>πόλεμον</em></strong></span> <span class='ocrx_word' id='word_1_284' title='bbox 845 3307 1002 3395; x_wconf 74' lang='grc' dir='ltr'><strong><em>ἐπάνιμεν</em></strong></span> <span class='ocrx_word' id='word_1_285' title='bbox 1022 3313 1077 3376; x_wconf 74' lang='grc' dir='ltr'>ἐπὶ</span> <span class='ocrx_word' id='word_1_286' title='bbox 1093 3313 1149 3385; x_wconf 83' lang='grc' dir='ltr'>τὰς</span> <span class='ocrx_word' id='word_1_287' title='bbox 1169 3311 1355 3397; x_wconf 69' lang='grc' dir='ltr'><strong><em>ἑτερογενεῖς</em></strong></span> <span class='ocrx_word' id='word_1_288' title='bbox 1369 3307 1500 3396; x_wconf 80' lang='grc' dir='ltr'><strong><em>πράξεις</em></strong></span> 
     </span>
     <span class='ocr_line' id='line_1_29' title="bbox 260 3414 937 3505; baseline 0.003 -24"><span class='ocrx_word' id='word_1_289' title='bbox 260 3437 340 3503; x_wconf 89' lang='lat' dir='ltr'>quae</span> <span class='ocrx_word' id='word_1_290' title='bbox 362 3414 451 3483; x_wconf 84' lang='lat' dir='ltr'>Paclr</span> <span class='ocrx_word' id='word_1_291' title='bbox 474 3418 790 3486; x_wconf 79' lang='lat' dir='ltr'>inconsideratissime</span> <span class='ocrx_word' id='word_1_292' title='bbox 812 3420 937 3505; x_wconf 86' lang='lat' dir='ltr'>pressit.</span> 
     </span>
    </p>

    <p class='ocr_par' dir='ltr' id='par_1_5' title="bbox 349 3524 1499 3614">
     <span class='ocr_line' id='line_1_30' title="bbox 349 3524 1499 3614; baseline -0.002 -22"><span class='ocrx_word' id='word_1_293' title='bbox 349 3524 437 3592; x_wconf 86' lang='lat' dir='ltr'>Haec</span> <span class='ocrx_word' id='word_1_294' title='bbox 460 3530 543 3610; x_wconf 89' lang='lat' dir='ltr'>sunt,</span> <span class='ocrx_word' id='word_1_295' title='bbox 568 3547 648 3614; x_wconf 90' lang='lat' dir='ltr'>quae</span> <span class='ocrx_word' id='word_1_296' title='bbox 672 3526 837 3592; x_wconf 89' lang='lat' dir='ltr'>eDiodori</span> <span class='ocrx_word' id='word_1_297' title='bbox 858 3527 956 3613; x_wconf 89' lang='lat' dir='ltr'>ipsius</span> <span class='ocrx_word' id='word_1_298' title='bbox 980 3528 1084 3593; x_wconf 85' lang='lat' dir='ltr'>uerbis</span> <span class='ocrx_word' id='word_1_299' title='bbox 1107 3526 1145 3593; x_wconf 89' lang='lat' dir='ltr'>de</span> <span class='ocrx_word' id='word_1_300' title='bbox 1166 3526 1344 3592; x_wconf 90' lang='lat' dir='ltr'>auctoribus</span> <span class='ocrx_word' id='word_1_301' title='bbox 1361 3527 1394 3591; x_wconf 92' lang='lat' dir='ltr'>in</span> <span class='ocrx_word' id='word_1_302' title='bbox 1408 3546 1499 3592; x_wconf 90' lang='lat' dir='ltr'>usum</span> 
     </span>
    </p>
   </div>
   <div class='ocr_carea' id='block_1_5' title="bbox 149 3632 1528 3729">
    <p class='ocr_par' dir='ltr' id='par_1_6' title="bbox 149 3632 1528 3729">
     <span class='ocr_line' id='line_1_31' title="bbox 149 3632 1528 3729; baseline -0.001 -29"><span class='ocrx_word' id='word_1_303' title='bbox 149 3725 151 3729; x_wconf 12' lang='lat' dir='ltr'>v</span> <span class='ocrx_word' id='word_1_304' title='bbox 260 3635 380 3700; x_wconf 84' lang='lat' dir='ltr'>vocatis</span> <span class='ocrx_word' id='word_1_305' title='bbox 414 3654 565 3721; x_wconf 87' lang='lat' dir='ltr'>apparere</span> <span class='ocrx_word' id='word_1_306' title='bbox 599 3633 678 3699; x_wconf 90' lang='lat' dir='ltr'>mihi</span> <span class='ocrx_word' id='word_1_307' title='bbox 712 3632 866 3699; x_wconf 88' lang='lat' dir='ltr'>videntur.</span> <span class='ocrx_word' id='word_1_308' title='bbox 919 3632 1000 3698; x_wconf 90' lang='lat' dir='ltr'>Mira</span> <span class='ocrx_word' id='word_1_309' title='bbox 1033 3633 1170 3719; x_wconf 89' lang='lat' dir='ltr'>quadam</span> <span class='ocrx_word' id='word_1_310' title='bbox 1198 3634 1340 3700; x_wconf 88' lang='lat' dir='ltr'>socordia</span> <span class='ocrx_word' id='word_1_311' title='bbox 1367 3633 1444 3698; x_wconf 88' lang='lat' dir='ltr'>duos</span> <span class='ocrx_word' id='word_1_312' title='bbox 1467 3635 1528 3711; x_wconf 61' lang='lat' dir='ltr'>inxx</span> 
     </span>
    </p>
   </div>
   <div class='ocr_carea' id='block_1_6' title="bbox 175 3739 1589 4579">
    <p class='ocr_par' dir='ltr' id='par_1_7' title="bbox 175 3739 1589 4468">
     <span class='ocr_line' id='line_1_32' title="bbox 260 3739 1499 3828; baseline 0 -22"><span class='ocrx_word' id='word_1_313' title='bbox 260 3739 400 3827; x_wconf 89' lang='lat' dir='ltr'>pluribus</span> <span class='ocrx_word' id='word_1_314' title='bbox 429 3743 530 3828; x_wconf 90' lang='lat' dir='ltr'>iisque</span> <span class='ocrx_word' id='word_1_315' title='bbox 557 3741 750 3824; x_wconf 80' lang='lat' dir='ltr'>gravissimis</span> <span class='ocrx_word' id='word_1_316' title='bbox 778 3740 871 3806; x_wconf 86' lang='lat' dir='ltr'>rebus</span> <span class='ocrx_word' id='word_1_317' title='bbox 899 3760 961 3805; x_wconf 93' lang='lat' dir='ltr'>non</span> <span class='ocrx_word' id='word_1_318' title='bbox 993 3739 1107 3806; x_wconf 87' lang='lat' dir='ltr'>leviter</span> <span class='ocrx_word' id='word_1_319' title='bbox 1141 3740 1362 3811; x_wconf 83' lang='lat' dir='ltr'>dissentientes</span> <span class='ocrx_word' id='word_1_320' title='bbox 1396 3741 1499 3806; x_wconf 89' lang='lat' dir='ltr'>fontes</span> 
     </span>
     <span class='ocr_line' id='line_1_33' title="bbox 259 3847 1498 3942; baseline -0.001 -29"><span class='ocrx_word' id='word_1_321' title='bbox 259 3850 307 3913; x_wconf 91' lang='lat' dir='ltr'>ita</span> <span class='ocrx_word' id='word_1_322' title='bbox 329 3847 482 3930; x_wconf 89' lang='lat' dir='ltr'>adhibuit,</span> <span class='ocrx_word' id='word_1_323' title='bbox 506 3854 543 3914; x_wconf 89' lang='lat' dir='ltr'>ut</span> <span class='ocrx_word' id='word_1_324' title='bbox 562 3854 696 3935; x_wconf 90' lang='lat' dir='ltr'>quatuor</span> <span class='ocrx_word' id='word_1_325' title='bbox 710 3850 899 3913; x_wconf 86' lang='lat' dir='ltr'>narrationis</span> <span class='ocrx_word' id='word_1_326' title='bbox 916 3849 1144 3942; x_wconf 12' lang='lat' dir='ltr'>suaetpartium</span> <span class='ocrx_word' id='word_1_327' title='bbox 1161 3850 1308 3934; x_wconf 76' lang='lat'>(23-27</span> <span class='ocrx_word' id='word_1_328' title='bbox 1317 3875 1325 3932; x_wconf 84' lang='lat'><em>3</em></span> <span class='ocrx_word' id='word_1_329' title='bbox 1351 3849 1498 3930; x_wconf 77' lang='lat'>28-403</span> 
     </span>
     <span class='ocr_line' id='line_1_34' title="bbox 261 3954 1499 4042; baseline -0.002 -21"><span class='ocrx_word' id='word_1_330' title='bbox 261 3957 409 4038; x_wconf 84' lang='grc'>56-60;</span> <span class='ocrx_word' id='word_1_331' title='bbox 428 3958 574 4042; x_wconf 82' lang='grc'>61-64)</span> <span class='ocrx_word' id='word_1_332' title='bbox 591 3957 726 4042; x_wconf 86' lang='lat' dir='ltr'>primam</span> <span class='ocrx_word' id='word_1_333' title='bbox 742 3960 776 4021; x_wconf 91' lang='lat' dir='ltr'>et</span> <span class='ocrx_word' id='word_1_334' title='bbox 790 3956 919 4020; x_wconf 87' lang='lat' dir='ltr'>tertiam</span> <span class='ocrx_word' id='word_1_335' title='bbox 936 3955 974 4020; x_wconf 92' lang='lat' dir='ltr'>de</span> <span class='ocrx_word' id='word_1_336' title='bbox 990 3956 1103 4041; x_wconf 87' lang='lat' dir='ltr'>priore,</span> <span class='ocrx_word' id='word_1_337' title='bbox 1117 3954 1288 4021; x_wconf 87' lang='lat' dir='ltr'>secundam</span> <span class='ocrx_word' id='word_1_338' title='bbox 1303 3960 1338 4020; x_wconf 90' lang='lat' dir='ltr'>et</span> <span class='ocrx_word' id='word_1_339' title='bbox 1352 3961 1499 4041; x_wconf 89' lang='lat' dir='ltr'>quartam</span> 
     </span>
     <span class='ocr_line' id='line_1_35' title="bbox 260 4061 1589 4149; baseline -0.004 -20"><span class='ocrx_word' id='word_1_340' title='bbox 260 4062 299 4129; x_wconf 91' lang='lat' dir='ltr'>de</span> <span class='ocrx_word' id='word_1_341' title='bbox 327 4063 428 4130; x_wconf 90' lang='lat' dir='ltr'>altero</span> <span class='ocrx_word' id='word_1_342' title='bbox 457 4063 662 4149; x_wconf 89' lang='lat' dir='ltr'>depromeret.</span> <span class='ocrx_word' id='word_1_343' title='bbox 710 4062 799 4141; x_wconf 84' lang='lat' dir='ltr'>Quod</span> <span class='ocrx_word' id='word_1_344' title='bbox 827 4066 869 4146; x_wconf 90' lang='lat' dir='ltr'>is,</span> <span class='ocrx_word' id='word_1_345' title='bbox 898 4063 952 4148; x_wconf 93' lang='lat' dir='ltr'>qui</span> <span class='ocrx_word' id='word_1_346' title='bbox 978 4061 1067 4127; x_wconf 91' lang='lat' dir='ltr'>nullo</span> <span class='ocrx_word' id='word_1_347' title='bbox 1095 4063 1198 4148; x_wconf 88' lang='lat' dir='ltr'>spatio</span> <span class='ocrx_word' id='word_1_348' title='bbox 1225 4064 1412 4148; x_wconf 88' lang='lat' dir='ltr'>interposito</span> <span class='ocrx_word' id='word_1_349' title='bbox 1436 4062 1499 4148; x_wconf 89' lang='lat' dir='ltr'>pri·</span> <span class='ocrx_word' id='word_1_350' title='bbox 1587 4121 1589 4124; x_wconf 77' lang='grc'>,</span> 
     </span>
     <span class='ocr_line' id='line_1_36' title="bbox 175 4169 1499 4256; baseline 0 -22"><span class='ocrx_word' id='word_1_351' title='bbox 175 4174 184 4193; x_wconf 75' lang='lat'>²</span> <span class='ocrx_word' id='word_1_352' title='bbox 260 4171 383 4237; x_wconf 88' lang='lat' dir='ltr'>mordia</span> <span class='ocrx_word' id='word_1_353' title='bbox 410 4170 487 4236; x_wconf 92' lang='lat' dir='ltr'>belli</span> <span class='ocrx_word' id='word_1_354' title='bbox 512 4192 529 4236; x_wconf 95' lang='lat' dir='ltr'>e</span> <span class='ocrx_word' id='word_1_355' title='bbox 558 4170 677 4237; x_wconf 90' lang='lat' dir='ltr'>duobus</span> <span class='ocrx_word' id='word_1_356' title='bbox 704 4170 836 4236; x_wconf 86' lang='lat' dir='ltr'>diversis</span> <span class='ocrx_word' id='word_1_357' title='bbox 864 4169 1003 4236; x_wconf 86' lang='lat' dir='ltr'>fontibus</span> <span class='ocrx_word' id='word_1_358' title='bbox 1026 4169 1076 4235; x_wconf 90' lang='lat' dir='ltr'>bis</span> <span class='ocrx_word' id='word_1_359' title='bbox 1099 4169 1246 4256; x_wconf 90' lang='lat' dir='ltr'>deinceps</span> <span class='ocrx_word' id='word_1_360' title='bbox 1269 4190 1414 4236; x_wconf 88' lang='lat' dir='ltr'>enarrare</span> <span class='ocrx_word' id='word_1_361' title='bbox 1437 4189 1499 4234; x_wconf 92' lang='lat' dir='ltr'>non</span> 
     </span>
     <span class='ocr_line' id='line_1_37' title="bbox 260 4274 1533 4362; baseline -0.002 -19"><span class='ocrx_word' id='word_1_362' title='bbox 260 4278 378 4343; x_wconf 88' lang='lat' dir='ltr'>veritus</span> <span class='ocrx_word' id='word_1_363' title='bbox 402 4282 460 4359; x_wconf 90' lang='lat' dir='ltr'>est,</span> <span class='ocrx_word' id='word_1_364' title='bbox 485 4297 555 4342; x_wconf 90' lang='lat' dir='ltr'>cum</span> <span class='ocrx_word' id='word_1_365' title='bbox 579 4277 650 4343; x_wconf 91' lang='lat' dir='ltr'>inde</span> <span class='ocrx_word' id='word_1_366' title='bbox 674 4300 694 4342; x_wconf 91' lang='lat' dir='ltr'>a</span> <span class='ocrx_word' id='word_1_367' title='bbox 717 4298 743 4343; x_wconf 90' lang='lat' dir='ltr'>c.</span> <span class='ocrx_word' id='word_1_368' title='bbox 770 4278 811 4342; x_wconf 88' lang='grc'>56</span> <span class='ocrx_word' id='word_1_369' title='bbox 836 4277 933 4362; x_wconf 88' lang='lat' dir='ltr'>priori</span> <span class='ocrx_word' id='word_1_370' title='bbox 956 4278 1076 4343; x_wconf 86' lang='lat' dir='ltr'>auctori</span> <span class='ocrx_word' id='word_1_371' title='bbox 1099 4297 1132 4343; x_wconf 90' lang='lat' dir='ltr'>se</span> <span class='ocrx_word' id='word_1_372' title='bbox 1156 4278 1349 4345; x_wconf 86' lang='lat' dir='ltr'>adiunxisset</span> <span class='ocrx_word' id='word_1_373' title='bbox 1363 4280 1396 4343; x_wconf 88' lang='lat' dir='ltr'>in</span> <span class='ocrx_word' id='word_1_374' title='bbox 1411 4297 1437 4346; x_wconf 86' lang='lat' dir='ltr'>c.</span> <span class='ocrx_word' id='word_1_375' title='bbox 1456 4279 1498 4341; x_wconf 89' lang='grc'>60</span> <span class='ocrx_word' id='word_1_376' title='bbox 1526 4274 1533 4285; x_wconf 83' lang='grc'><strong>’</strong></span> 
     </span>
     <span class='ocr_line' id='line_1_38' title="bbox 260 4382 903 4468; baseline 0 -20"><span class='ocrx_word' id='word_1_377' title='bbox 260 4382 301 4448; x_wconf 90' lang='lat' dir='ltr'>ad</span> <span class='ocrx_word' id='word_1_378' title='bbox 325 4384 461 4449; x_wconf 86' lang='lat' dir='ltr'>alterum</span> <span class='ocrx_word' id='word_1_379' title='bbox 484 4384 588 4468; x_wconf 89' lang='lat' dir='ltr'>rediit,</span> <span class='ocrx_word' id='word_1_380' title='bbox 612 4385 740 4450; x_wconf 91' lang='lat' dir='ltr'>minime</span> <span class='ocrx_word' id='word_1_381' title='bbox 764 4382 903 4449; x_wconf 88' lang='lat' dir='ltr'>offendit.</span> 
     </span>
    </p>

    <p class='ocr_par' dir='ltr' id='par_1_8' title="bbox 350 4491 1497 4579">
     <span class='ocr_line' id='line_1_39' title="bbox 350 4491 1497 4579; baseline 0 -20"><span class='ocrx_word' id='word_1_382' title='bbox 350 4491 468 4559; x_wconf 85' lang='lat' dir='ltr'>Restat</span> <span class='ocrx_word' id='word_1_383' title='bbox 491 4512 587 4576; x_wconf 89' lang='lat' dir='ltr'>nunc,</span> <span class='ocrx_word' id='word_1_384' title='bbox 622 4496 659 4558; x_wconf 91' lang='lat' dir='ltr'>ut</span> <span class='ocrx_word' id='word_1_385' title='bbox 684 4512 763 4579; x_wconf 89' lang='lat' dir='ltr'>quos</span> <span class='ocrx_word' id='word_1_386' title='bbox 795 4494 938 4558; x_wconf 88' lang='lat' dir='ltr'>auctores</span> <span class='ocrx_word' id='word_1_387' title='bbox 967 4491 1123 4560; x_wconf 85' lang='lat' dir='ltr'>Diodorus</span> <span class='ocrx_word' id='word_1_388' title='bbox 1150 4495 1183 4563; x_wconf 90' lang='lat' dir='ltr'>in</span> <span class='ocrx_word' id='word_1_389' title='bbox 1210 4514 1300 4560; x_wconf 90' lang='lat' dir='ltr'>usum</span> <span class='ocrx_word' id='word_1_390' title='bbox 1327 4492 1497 4576; x_wconf 74' lang='lat' dir='ltr'>vocaverit,</span> 
     </span>
    </p>
   </div>
   <div class='ocr_carea' id='block_1_7' title="bbox 0 0 1727 5134">
    <p class='ocr_par' dir='ltr' id='par_1_9' title="bbox 0 0 1727 5134">
     <span class='ocr_line' id='line_1_40' title="bbox 0 0 1727 5134; baseline 0 0"><span class='ocrx_word' id='word_1_391' title='bbox 0 0 1727 5134; x_wconf 95' lang='lat' dir='ltr'> </span> 
     </span>
    </p>
   </div>
  </div>
 </body>
</html>
