3442 5134
773 364 996 435 ..·4g..

261 548 298 616 δὲ
320 552 521 637 χαρίεντες
544 549 699 615 ταπεινὸν
721 547 776 613 aei
797 545 928 628 ἀγεννὲς
951 546 1050 613 atae
1072 547 1107 615 τὸ
1131 547 1267 633 πλάσμα
1289 549 1343 615 καὶ
1356 546 1505 632 μαλακὸν

262 661 327 725 κτλ.
358 699 399 708 -
429 659 467 725 ln
495 678 521 725 c.
553 661 593 724 27
623 656 734 725 fabula
768 677 821 739 ea,
857 676 938 743 quae
973 654 1138 723 simillima
1172 656 1273 723 forma
1306 658 1339 723 in
1366 655 1504 725 Pseudo

262 765 427 834 Plutarchi
453 765 621 833 Aeschinis
648 767 717 833 vita
744 767 842 831 ecta
870 764 910 832 de
938 763 1118 831 adversario
1147 763 1371 833 Demosthenis
1403 769 1503 848 extat,

262 876 318 942 sed
345 877 412 943 sine
440 875 534 941 dubio
563 873 768 958 Demostheni
798 874 896 960 priori
924 872 1084 954 adhaesit,
1120 894 1141 938 a
1168 872 1321 940 relatione
1349 871 1409 939 illa
1439 874 1504 939 iam

262 985 389 1070 penitus
412 988 489 1050 nota
511 1004 574 1053 non
595 982 753 1064 abhorret,
777 1001 817 1050 ne
833 980 872 1048 de
888 979 975 1048 exilii
991 983 1170 1048 narratione
1187 986 1219 1047 et
1234 980 1504 1068 apophthegmata

262 1091 485 1158 Demosthenis
510 1091 607 1158 verba
629 1091 754 1157 faciam.
794 1087 890 1155 Ultra
910 1109 937 1156 c.
956 1091 999 1154 26
1022 1090 1157 1173 vestigia
1180 1090 1316 1156 auctoris
1339 1088 1426 1156 illius
1441 1108 1504 1155 non

262 1203 386 1286 patent,
413 1201 510 1265 immo
534 1218 604 1286 opp.
631 1201 671 1264 Ἡ
697 1220 744 1285 sq.
769 1197 868 1263 aliam
891 1200 1043 1281 originem
1067 1198 1193 1265 duxisse
1214 1198 1381 1265 verborum
1404 1203 1503 1280 tenor,

262 1309 295 1375 ni
322 1306 431 1390 fallor,
460 1309 529 1394 ipse
557 1305 805 1373 luculentissime
832 1304 981 1389 ostendit.
1029 1304 1107 1392 Cpp.
1134 1308 1174 1370 21
1205 1309 1239 1371 et
1262 1308 1304 1371 22
1332 1308 1504 1373 maximam

262 1415 389 1503 quidem
417 1418 542 1501 partem
571 1411 784 1480 aPlutarcho
811 1415 881 1500 ipso
910 1434 948 1480 ex
971 1412 1193 1481 Demosthenis
1216 1413 1443 1500 Aeschinisque
1471 1416 1505 1479 in

264 1522 491 1611 Ctesiphontea
522 1543 618 1590 causa
651 1524 841 1609 scriptarum
876 1523 1053 1588 orationum
1087 1521 1191 1588 studio
1227 1523 1402 1608 composita
1435 1541 1504 1589 esse

265 1631 363 1698 videri
379 1628 546 1697 Gebhardo
563 1634 609 1718 (p.
627 1632 771 1711 46-48,
797 1632 856 1715 50)
873 1629 1081 1697 libentissime
1097 1629 1247 1712 conoed03
1265 1650 1290 1696 c.
1309 1632 1352 1696 24
1368 1629 1504 1699 alteram

217 1807 219 1812 ,
263 1743 387 1827 partem
416 1738 517 1804 eidem
546 1740 596 1804 oui
624 1745 651 1803 e.
679 1739 719 1801 15
749 1736 856 1807 deberi
881 1736 1029 1803 relationi
1051 1737 1105 1804 cll.
1129 1735 1258 1805 PsPlnt.
1283 1740 1349 1804 840
1372 1758 1398 1805 c.
1423 1740 1505 1807 veri·

263 1847 462 1915 simillimum
485 1851 543 1913 est.

352 1954 542 2021 Plutarchus
565 1956 662 2038 igitur
684 1974 711 2021 c.
737 1956 780 2020 26
807 1958 967 2021 auctorem
994 1955 1028 2021 in
1050 1954 1274 2023 Demosthenis
1303 1958 1404 2023 vitam
1432 1975 1505 2023 con·

264 2066 346 2132 vicia
368 2064 569 2150 undecunque
594 2066 813 2147 congerentem
839 2061 975 2145 dimisit,
1002 2066 1040 2128 ut
1067 2062 1197 2131 ultimas
1225 2067 1360 2131 oratoris
1388 2084 1438 2131 res
1466 2084 1505 2129 er

264 2194 316 2256 eo,
344 2193 406 2260 quo
434 2172 635 2259 potissimum
663 2171 740 2238 duce
769 2170 807 2237 de
835 2171 986 2258 pueritia,
1015 2171 1054 2236 de
1081 2172 1271 2254 eruditione,
1299 2173 1503 2254 erationibus,
1602 2233 1604 2236 ,

263 2281 397 2368 puhlicis
421 2281 595 2347 rationibus
618 2280 823 2360 disseruerat,
852 2280 939 2346 sonte
967 2282 1143 2347 accuratius
1171 2285 1350 2368 exponeret.
1397 2280 1505 2367 Atque

264 2390 346 2457 hunc
371 2394 530 2456 auctorem
554 2407 605 2453 res
628 2386 752 2474 publice
776 2386 1023 2455 aDemosthene
1044 2393 1151 2472 gestas
1172 2390 1301 2457 minime
1317 2389 1503 2474 neglexisse,

265 2520 335 2586 opp.
355 2500 486 2564 16-18
512 2496 697 2563 documento
721 2500 794 2563 sunt
817 2507 898 2582 quae
921 2496 1005 2584 quod
1027 2496 1159 2565 diversis
1180 2500 1355 2582 assignavit
1370 2498 1505 2565 auctori·

264 2607 321 2673 bus
337 2605 487 2688 Rocsiger
511 2607 557 2690 (p.
575 2606 633 2690 41)
658 2623 720 2669 nen
739 2602 854 2671 leviter
870 2604 996 2670 erravit.
1026 2601 1196 2688 Gebhard,
1220 2607 1276 2691 qui
1291 2608 1337 2692 (p.
1356 2606 1503 2690 36-43)

264 2715 475 2781 minutissima
490 2733 565 2779 cura
580 2711 705 2795 singula
724 2732 866 2799 quaeque
890 2712 932 2779 ad
946 2712 1169 2780 Demosthenis
1185 2713 1411 2801 Aeschinisque
1435 2733 1505 2779 ora-

263 2825 365 2889 tiones
389 2822 592 2904 examinavit,
617 2841 643 2887 c.
663 2824 704 2886 12
729 2820 833 2887 verbis
856 2818 983 2888 collatis
1003 2825 1123 2888 certum
1145 2822 1303 2908 quendam
1318 2824 1504 2908 scriptorem

265 2929 470 2998 aPlutarcho
491 2932 524 2995 in
544 2950 572 2996 c.
591 2932 630 2994 17
657 2927 878 2995 conscribendo
902 2928 1079 2995 adhibitum
1103 2950 1172 2996 esse
1195 2935 1278 2997 recte
1301 2931 1424 3011 statuit,
1449 2928 1504 2994 sed

264 3039 427 3105 consensui
454 3029 619 3104 Plutarchi
647 3057 718 3103 oum
746 3037 922 3104 orationum
952 3037 1069 3118 verbis,
1099 3039 1255 3124 imprimis
1281 3037 1503 3104 Demosthenis

264 3146 398 3234 (XVIII,
424 3149 567 3228 vta—87,
585 3148 728 3227 87—94,
746 3147 822 3226 244,
841 3147 921 3229 237)
938 3146 1069 3213 nimium
1085 3147 1206 3212 tribuit.
1246 3145 1427 3213 Tenendum
1443 3150 1502 3225 est,

264 3255 365 3321 tribus
399 3276 469 3341 epp.
501 3255 640 3319 16-18
676 3255 860 3339 praecipuas
895 3268 945 3319 res
980 3257 1054 3319 ante
1068 3326 1070 3330 ,
1084 3252 1334 3320 Chaeronensem
1366 3273 1503 3339 pugnam

265 3368 371 3447 gestas
395 3361 616 3449 comprehendi
639 3366 684 3444 ut,
708 3382 803 3447 quam
827 3361 924 3437 ἀξίως
941 3359 1130 3429 Graecorum
1153 3361 1290 3429 salutem
1313 3385 1334 3428 a
1355 3360 1504 3448 Philippo

265 3493 338 3555 rege
362 3470 537 3536 defenderit
552 3469 793 3550 Demosthenes,
818 3490 913 3555 quam
936 3468 1122 3537 clarissimis
1144 3469 1299 3561 exemplis
1315 3469 1503 3552 illustretur,
1594 3485 1599 3491 ⁴

265 3600 345 3666 quae
368 3580 396 3646 si
419 3600 439 3644 a
459 3578 671 3645 Demosthene
695 3579 763 3664 ipso
786 3598 911 3664 quoque
933 3597 970 3645 ac
992 3577 1164 3646 simillimis
1189 3579 1293 3645 verbis
1316 3597 1505 3647 commemo-

265 3692 354 3752 ratae
382 3687 582 3753 inveniuntur
610 3685 783 3753 cavendum
812 3690 861 3755 est
889 3707 927 3755 ne
956 3688 1063 3752 omnia
1085 3685 1249 3754 Plutarchi
1277 3687 1374 3753 verba
1400 3707 1417 3752 e
1441 3686 1505 3752 De·
1572 3762 1576 3767 ⁴

264 3795 428 3861 mosthene
454 3814 540 3860 mere
569 3795 744 3880 composita
771 3794 999 3861 existimentur.
1046 3794 1127 3865 Eum
1154 3797 1354 3882 scriptorem,
1382 3795 1438 3882 qui
1465 3793 1504 3860 de

265 3904 407 3968 oratoria
428 3901 601 3969 eruditione
622 3905 690 3967 tam
705 3901 833 3968 uberem
848 3903 1016 3969 materiam
1032 3904 1273 3990 conquisiverat,
1299 3902 1505 3970 Demostheni

265 4011 373 4097 utique
397 4011 557 4077 faventem
580 4011 613 4075 in
636 4008 898 4096 praeclarissimis
921 4011 988 4079 eius
1011 4011 1105 4077 rebus
1128 4012 1311 4079 enarrandis
1339 4011 1381 4077 ad
1409 4009 1507 4077 verba

265 4119 331 4184 eins
359 4119 456 4205 ipsius
485 4118 651 4185 recurrisse
680 4121 923 4185 consentaneum
951 4123 1015 4201 est;
1052 4140 1093 4186 an
1127 4120 1213 4187 solus
1239 4118 1429 4191 Plutarchus
1464 4117 1505 4184 ad

266 4225 502 4293 describendam
524 4226 709 4292 societatem
733 4220 923 4292 Graecorum
947 4227 1260 4314 praeter-Thebanos
1282 4228 1422 4295 omnium
1441 4225 1506 4292 De·

265 4334 439 4401 mostheuis
462 4354 558 4420 opera
580 4355 609 4398 a.
628 4335 701 4400 340>
717 4335 844 4400 ineunte
866 4333 995 4400 tandem
1019 4335 1193 4421 perfectam
1216 4356 1287 4402 eum
1304 4335 1419 4416 locum,
1442 4353 1505 4420 quo

266 4448 372 4509 orator
394 4443 462 4530 ipse
486 4442 622 4510 Graecas
651 4443 797 4510 civitates
825 4448 901 4511 ante
925 4441 1176 4511 Chaeronensem
1204 4465 1343 4531 pugnam
1371 4442 1505 4511 foederis

266 4549 352 4621 illius
376 4553 546 4638 participes
567 4550 621 4640 (de
641 4571 703 4618 cor.
722 4554 802 4638 237)
819 4553 1026 4636 enumeravit,
1051 4551 1231 4620 adhibuisse
1247 4552 1418 4625 amandun
1433 4551 1504 4629 est?
