3442 5134
789 332 850 412 ..“
880 364 922 429 10
969 404 1010 412 -

282 543 424 610 omnibus
445 543 556 626 adhue,
581 543 685 630 quoad
700 544 807 625 seiam,
832 544 958 610 omnino
973 543 1153 627 neglectum
1169 549 1226 610 est.
1266 542 1421 609 Diodonus
1436 540 1519 606 enim

280 648 484 737 ἀναθήματα
506 673 602 719 aurea
624 673 645 718 a
666 650 803 738 Phayllo
826 671 1058 738 percussaque
1081 653 1206 738 proprio
1235 650 1370 737 pondere
1398 668 1520 735 quoque

281 760 382 845 pretio
406 759 446 826 ad
470 761 592 843 argenti
615 762 770 826 rationem
794 760 911 826 fuerint
933 759 1056 846 plenius
1082 760 1218 845 exponit.
1266 757 1373 843 Atque
1400 755 1521 843 pondus

282 887 388 933 eorum
413 870 478 935 282
503 867 660 934 talentum
682 868 779 934 tuisse
802 867 862 934 hae
884 858 1007 933 ratione
1031 867 1180 932 efficitur:

391 979 455 1043 120
479 977 617 1042 πλίνθοι
640 977 823 1041 διτάλαντοι
888 1021 1290 1041 ........
1339 975 1404 1037 240
1427 970 1486 1038 tal.

391 1087 456 1151 360
481 1086 598 1170 φιάλαι
620 1086 760 1168 deceatne
778 1130 1291 1149 ..........
1362 1084 1405 1145 12
1447 1129 1462 1159 „

390 1191 442 1259 leo
465 1214 578 1259 aureus
601 1197 635 1259 et
657 1193 788 1258 femina:
813 1197 980 1278 τρίακοντα
1000 1191 1167 1255 ταλάντων
1182 1192 1298 1276 χρυσοῦ

389 1303 539 1384 σταθμὸν
561 1301 706 1380 ἀγόντων
729 1305 791 1365 τῶν
813 1300 948 1364 πάντων
999 1345 1289 1364 ......
1360 1299 1403 1362 30
1445 1345 1459 1375 „

1301 1386 1519 1490 mss)

370 1514 478 1582 Pretio
506 1521 612 1582 antem
644 1520 778 1602 quatuor
811 1516 941 1582 milibus
975 1517 1134 1600 argenteis
1167 1516 1299 1582 talentis
1335 1519 1518 1601 aequantur.

281 1621 402 1688 Deinde
430 1624 654 1708 ἀναθημάτων
681 1627 901 1706 argenteorum
930 1645 950 1689 a
977 1623 1120 1706 ducibuS,
1157 1625 1211 1711 qui
1238 1623 1364 1710 quidem
1399 1622 1438 1688 iis
1473 1622 1535 1687 usi⁴

282 1736 388 1796 essent
412 1770 453 1779 -—
478 1731 557 1796 nihil
581 1730 667 1797 aliud
690 1731 788 1797 verba
812 1731 884 1805 τοὺς
906 1732 1034 1805 πάντας
1058 1733 1250 1817 στρατηγοὺς
1277 1729 1454 1813 significant
1477 1768 1519 1777 -

282 1844 536 1924 consumptorum
564 1840 700 1925 pretium
728 1838 800 1925 plns
829 1859 884 1904 sex
912 1839 1002 1904 milia
1032 1838 1190 1905 talentum
1225 1840 1320 1905 fuisse
1354 1836 1519 1903 iudicatur.

282 1944 399 2023 Quodsi
428 1946 468 2012 ad
496 1951 671 2012 extremum
699 1948 858 2030 argenteis
889 1948 1052 2033 aureisque
1086 1947 1298 2034 ἀναθήμασιν
1332 1938 1521 2031 computatis

283 2075 407 2119 summa
429 2053 501 2141 plus
525 2054 632 2120 decem
656 2054 779 2119 milium
801 2054 960 2121 talentum
983 2054 1174 2137 subducitur,
1198 2055 1232 2120 id
1252 2056 1319 2121 sine
1339 2053 1433 2120 dubio
1450 2072 1522 2118 eon·

285 2166 365 2243 stat,
396 2183 412 2227 e
436 2161 566 2228 Diodori
590 2164 726 2228 auctoris
749 2164 907 2228 sententia
932 2164 1115 2228 neminem
1144 2164 1204 2228 nisi
1227 2160 1399 2247 Phayllum
1427 2181 1523 2225 aurea

282 2269 484 2355 ἀναθήματα
517 2270 716 2356 percussisse.
769 2267 1012 2355 simplicissima
1045 2269 1104 2336 hac
1139 2270 1426 2353 argumentatione,
1461 2268 1522 2334 nisi

282 2398 471 2463 magnopere
494 2376 599 2459 fallor,
629 2398 667 2442 ea
690 2380 805 2464 capita,
834 2398 967 2463 querum
990 2378 1087 2443 verba
1108 2377 1158 2443 illi
1182 2378 1298 2444 rationi
1321 2377 1459 2457 obstant,
1484 2396 1522 2441 ex

283 2484 346 2549 alio
370 2485 457 2550 fonte
480 2483 606 2551 fluxuse
629 2484 749 2571 liquido
773 2489 915 2572 apparet.
963 2485 1044 2551 Sunt
1066 2489 1172 2553 autem
1196 2485 1349 2552 eiusmodi
1371 2505 1441 2571 cpp.
1467 2486 1521 2565 33,

284 2594 343 2673 36,
374 2595 414 2658 37
424 2642 432 2674 ,
462 2614 482 2658 a
509 2593 621 2678 quihus
648 2594 796 2678 quoniam
823 2613 850 2658 e.
880 2595 923 2659 30
950 2592 1039 2658 nullo
1066 2593 1158 2659 modo
1186 2593 1308 2676 seiungi
1336 2596 1455 2678 potest,
1485 2606 1523 2657 ea

283 2721 379 2786 quam
402 2722 497 2787 supra
520 2700 558 2766 de
582 2722 607 2768 o.
626 2703 669 2767 30
693 2705 727 2767 et
749 2722 774 2767 e.
793 2704 847 2785 56,
865 2710 883 2767 5
898 2703 988 2788 posui
1003 2702 1161 2767 sententia
1176 2703 1294 2787 optime
1310 2700 1521 2767 confirmatur.

373 2807 461 2874 Duos
483 2810 580 2891 igitur
602 2810 705 2876 fontes
720 2808 877 2876 Diodorus
897 2810 1071 2895 exscripsit,
1096 2810 1149 2895 qui
1164 2808 1203 2874 do
1220 2809 1414 2892 gravissimis
1430 2808 1523 2873 rebus

285 2915 559 2982 vehementissime
587 2916 814 2983 dissentiebant
845 2938 977 3003 qnorum
1012 2915 1095 2982 alter
1120 2914 1332 2982 Philomelam
1367 2914 1522 3001 templum

284 3025 437 3110 spoliasse
464 3026 607 3108 negavit,
637 3024 720 3091 alter
747 3024 864 3091 diserte
893 3023 1054 3090 contendit
1082 3027 1122 3110 (e.
1154 3027 1222 3110 30).
1269 3023 1358 3089 Idem
1385 3022 1424 3088 de
1452 3043 1522 3109 epp.

285 3135 425 3198 23-27
462 3138 495 3199 et
524 3136 666 3200 28-30
702 3131 828 3199 collatis
859 3132 1060 3198 statuendum
1089 3153 1184 3218 snpra
1211 3131 1300 3197 nohis
1328 3131 1431 3196 visum
1459 3133 1523 3212 est3

284 3245 436 3326 quantum
465 3239 614 3324 colligere
646 3240 737 3324 licet,
771 3241 902 3307 illorum
929 3261 999 3327 epp.
1036 3245 1145 3307 auctor
1172 3239 1251 3305 nihil
1279 3238 1318 3305 de
1346 3237 1524 3305 Philomelo

283 3349 396 3435 templi
420 3349 591 3436 spoliatore
613 3354 807 3416 narraverat.
847 3348 990 3415 Eundem
1005 3350 1102 3432 igitur
1117 3348 1236 3413 fontem
1251 3348 1284 3413 in
1300 3367 1372 3433 epp.
1391 3348 1522 3412 23-27

283 3461 317 3522 et
340 3477 365 3523 c.
392 3459 434 3521 56
459 3456 635 3523 adhibitum
664 3478 733 3553 esse
760 3455 1026 3523 verisimillimum
1055 3458 1147 3541 eso).
1195 3453 1247 3521 Ad
1274 3455 1369 3537 hanc,
1398 3475 1478 3541 quae
1507 3475 1525 3520 e

284 3585 317 3630 re
341 3566 410 3650 ipsa
432 3563 584 3630 facillime
607 3566 815 3651 consequitur,
840 3566 1051 3632 coniecturam
1074 3563 1319 3630 confirmandam
1340 3566 1526 3646 argumenta

284 3693 356 3738 mea
383 3672 509 3759 quidem
538 3674 696 3739 sententia
722 3674 850 3738 minime
879 3671 1073 3756 neglegenda
1100 3693 1117 3737 e
1145 3671 1268 3758 reliqua
1299 3692 1324 3737 e.
1356 3674 1398 3736 56
1433 3675 1524 3758 parte

285 3779 531 3865 proficiscuntur.
572 3778 615 3845 Ut
638 3780 721 3846 enim
745 3781 777 3845 in
801 3800 826 3846 e.
853 3783 907 3864 23,
924 3787 941 3844 5
961 3778 1156 3845 Philomelus
1179 3783 1215 3844 ut
1238 3800 1334 3865 penes
1349 3777 1525 3845 Phocenses

286 3888 342 3972 τὴν
365 3892 562 3973 προστασίαν
583 3886 731 3974 Delphici
754 3886 868 3975 templi
891 3886 967 3953 olim
990 3887 1085 3953 fuisse
1111 3886 1271 3968 ostendat,
1302 3885 1432 3952 Homeri
1455 3902 1526 3970 gra·

219 4060 223 4064 .
284 3993 406 4058 vissimi
429 3995 629 4080 antiquitatis
652 3996 745 4062 testis
762 3996 866 4062 verbis
881 3996 990 4077 utitur,
1014 3995 1060 4062 sie
1075 3995 1173 4060 etiam
1189 3994 1222 4059 iu
1238 4014 1264 4061 o.
1282 3995 1336 4076 56,
1352 4002 1368 4058 7
1385 3993 1525 4063 Homero

363 4191 382 4259 ¹)
402 4196 570 4264 Aequatioue
590 4196 643 4250 232
663 4198 711 4250 tal.
731 4213 788 4252 aur.
800 4196 917 4250 :4000
936 4197 984 4248 tal.
1004 4212 1060 4264 arg.
1079 4197 1191 4249 anullo
1216 4194 1305 4250 adhue
1329 4195 1418 4264 quoad
1443 4197 1527 4249 seiam

285 4287 415 4339 instituta
433 4287 501 4339 ratio
520 4287 592 4340 inter
610 4303 708 4340 aurum
727 4289 755 4340 et
772 4289 915 4355 argentum
935 4286 999 4339 haee
1019 4286 1144 4354 sequitur
1165 4284 1323 4350 1:14,1844
1338 4282 1382 4351 (el.
1396 4286 1526 4352 Hultoeh‚

286 4378 388 4429 Metrol.
410 4375 501 4429 Graec.
522 4376 658 4442 etitem,
682 4391 708 4443 p.
731 4373 782 4429 174
801 4372 854 4444 sq.)
875 4374 908 4429 de
927 4390 983 4444 qua
1001 4375 1029 4429 in
1048 4374 1180 4429 eiusmodi
1199 4375 1406 4444 quaestionibus
1424 4377 1527 4430 versati

287 4465 338 4523 viri
355 4465 475 4520 iudicare
494 4465 588 4520 velint.

358 4551 380 4624 ¹)
400 4557 434 4612 el.
453 4556 546 4611 Haake
563 4571 590 4625 p.
610 4554 654 4611 50.
