3442 5134
307 537 529 605 Controversia
552 540 636 604 enim
659 542 718 619 est,
744 558 824 624 quae
847 538 931 604 inter
954 559 980 604 c.
1007 539 1095 621 56,5
1118 539 1214 605 verba
1237 540 1349 626 quibus
1370 540 1458 627 quali

214 645 336 712 ratione
351 643 560 712 Phocensium
576 645 670 711 duces
686 644 845 728 sacrilegii
861 645 1032 732 participes
1047 646 1174 729 fuerint,
1196 649 1304 733 paucis
1320 669 1458 713 summa

214 754 272 819 tim
297 753 579 840 comprehenditur,
604 757 637 819 et
660 773 714 819 eos
736 752 832 833 locos
857 754 970 839 quibus
994 754 1033 819 de
1057 753 1190 839 singulis
1205 756 1245 821 iis
1260 757 1294 821 in
1309 757 1458 822 continua

204 860 293 926 xbelli
320 862 500 927 narratione
529 862 694 948 exponitur
722 863 804 927 ratio
833 861 1017 927 intercedat.
1071 861 1210 929 Offendit
1242 866 1326 929 enim
1362 884 1457 951 quam

101 992 104 1009 ·
146 1008 152 1021 ι
214 969 361 1051 maxime,
386 968 470 1055 quod
485 969 523 1035 de
538 967 717 1035 Philomelo
734 968 811 1034 duce
828 968 949 1051 eodem,
974 990 1068 1056 quem
1083 991 1174 1037 sacra
1197 971 1280 1038 dona
1302 971 1457 1058 spoliasse

214 1079 248 1142 in
270 1097 296 1144 c.
323 1079 380 1160 30,
404 1086 419 1141 1
443 1077 559 1144 diserte
583 1076 714 1143 indicari
737 1075 830 1146 modo
854 1076 1005 1159 vidimus,
1035 1078 1068 1143 in
1091 1098 1117 1144 c.
1144 1079 1202 1161 56,
1224 1087 1242 1145 5
1264 1099 1327 1146 non
1354 1081 1457 1146 minus

215 1184 331 1251 diserte
348 1186 539 1252 contrarium
554 1187 659 1270 ipsum
675 1183 866 1249 affirmatur:
900 1186 962 1248 τῶν
977 1184 1012 1248 δὲ
1027 1191 1307 1271 προγεγενημένων
1321 1207 1457 1274 στρατη-

212 1294 278 1370 γῶν
305 1290 323 1356 ὁ
352 1292 411 1374 μὲν
438 1295 563 1377 πρῶτος
596 1292 697 1376 ἄρξας
728 1291 911 1376 Φιλόμηλος
938 1290 1095 1371 ἀπέσχετο
1125 1297 1187 1358 τῶν
1220 1294 1455 1379 ἀναθημάτων.

213 1398 255 1464 Α.
281 1398 430 1466 Schaefer
440 1400 464 1485 ¹)
489 1399 536 1465 ita
559 1419 592 1466 se
621 1397 796 1484 expedivit,
823 1402 860 1463 ut
887 1397 946 1464 illa
974 1419 999 1465 c.
1025 1402 1121 1483 30,1
1150 1400 1304 1468 relatione
1331 1405 1456 1471 omnino

212 1506 388 1593 repudiata,
413 1527 439 1574 c.
458 1509 500 1573 56
524 1507 705 1573 narratione
728 1511 765 1572 ut
787 1505 859 1572 sola
880 1527 953 1573 vera
972 1507 1126 1595 adoptata
1141 1508 1303 1595 Polyaeno
1327 1516 1456 1583 auctore

214 1614 250 1697 V,
275 1618 319 1680 46
343 1617 423 1698 (τοῖς
446 1614 539 1700 ἱεροῖς
562 1614 719 1700 χρήμασιν
741 1613 857 1699 ἀνέδην
881 1614 1125 1702 ἀποχρώμενος)
1141 1616 1354 1685 Philomelam
1375 1618 1456 1685 nihil

212 1721 300 1787 aliud
316 1743 412 1807 quam
426 1742 589 1787 versuram
613 1742 632 1786 a
654 1720 774 1808 templo
790 1720 945 1808 Delphico
969 1724 1090 1806 fecisse,
1115 1725 1309 1812 spoliatione
1328 1749 1455 1814 prorsus

213 1831 402 1898 abstinuisse
426 1835 582 1898 statueret
589 1834 626 1917 2),
652 1852 747 1918 quam
762 1830 1005 1917 explicationem
1020 1831 1149 1899 Haalrio
1165 1840 1296 1921 excepto
1312 1837 1456 1903 omnibus

212 1938 394 2026 probavisse
418 1938 551 2021 videtur,
577 1940 723 2025 probavit
744 1944 828 2007 certe
846 1938 1095 2025 Volquardseno,
1120 1943 1174 2028 qui
1189 1945 1367 2029 nuperrime
1385 1965 1455 2010 eam

188 2028 397 2134 'defendit³),
424 2047 532 2114 Curtio
540 2050 578 2134 ⁴),
604 2046 722 2115 Pachio
732 2050 768 2134 ⁵),
793 2049 848 2135 qui
871 2049 991 2134 primus
1015 2069 1143 2116 causam
1159 2049 1300 2137 aliquam
1317 2051 1453 2118 addidit:

211 2177 249 2222 ex
273 2157 451 2223 confusione
475 2155 528 2222 vel
551 2177 654 2222 errore
677 2155 808 2223 Diodori
831 2155 929 2221 verba
951 2154 1011 2220 illa
1038 2176 1065 2223 ο.
1091 2159 1187 2240 30,1
1216 2158 1359 2244 profecta
1386 2179 1454 2226 esse

86 2320 89 2329 .
212 2266 357 2352 opinatus
385 2265 447 2331 est!
496 2263 540 2331 Ut
568 2267 619 2331 via
648 2285 685 2330 ae
713 2264 835 2330 ratione
865 2265 898 2328 in
920 2263 980 2329 hac
1008 2266 1223 2331 controversia
1250 2265 1456 2353 disceptanda

211 2376 352 2454 utamur,
381 2371 458 2438 duos
485 2372 560 2439 illos
586 2372 673 2439 locos
700 2372 761 2438 sibi
789 2374 964 2439 contrarios
992 2373 1131 2457 singulos
1159 2395 1216 2461 per
1239 2396 1272 2442 se
1297 2377 1364 2442 sine
1386 2375 1456 2442 ulla

210 2484 416 2567 praesumpta
432 2481 577 2566 opinione
594 2501 689 2566 quam
705 2480 940 2547 accuratissime
956 2483 1184 2568 perquiramus,
1206 2483 1239 2549 id
1255 2483 1338 2569 quod
1353 2483 1454 2549 multo

210 2588 326 2654 rectius
354 2587 433 2653 mihi
459 2587 598 2670 videtur,
635 2608 730 2674 quam
758 2587 856 2653 aliam
884 2588 1072 2656 relationem
1101 2595 1137 2656 ut
1164 2591 1281 2657 falsam
1314 2592 1452 2674 reiicere,

211 2693 310 2760 aliam
332 2714 372 2761 ex
394 2694 497 2759 alieno
514 2696 676 2780 scriptore,
701 2694 739 2759 de
755 2697 842 2761 cuivis
858 2697 945 2762 fonte
961 2697 1042 2762 nihil
1057 2697 1256 2785 exploratum
1272 2704 1332 2781 est,
1356 2701 1454 2765 inter-

211 2803 340 2888 pretari,
366 2801 594 2888 discrepantias
618 2804 835 2888 apertissimas
855 2804 988 2870 infirmis
1004 2806 1191 2873 coniecturis
1206 2806 1320 2874 tollere
1337 2809 1451 2874 conari.

301 2908 455 2976 Maximos
479 2911 512 2975 in
527 2909 688 2976 Sehaeferi
711 2913 903 2978 seutentiam
926 2914 1089 3001 scrupulos
1112 2937 1236 3003 semper
1258 2919 1292 2982 in
1315 2938 1366 2983 me
1387 2938 1453 2982 mo-

210 3023 322 3085 verunt
344 3017 503 3084 Diodorea
525 3018 623 3084 verba
646 3038 671 3085 e.
698 3022 751 3101 28,
774 3026 792 3084 2
816 3025 872 3085 τοῦ
893 3022 928 3084 δὲ
950 3023 1093 3106 πολέμου
1118 3024 1350 3110 προςδεομένου
1372 3049 1451 3110 χρη-

209 3127 332 3209 μάτων,
354 3130 416 3191 τῶν
431 3126 489 3208 μὲν
504 3124 596 3212 ἱερῶν
611 3123 837 3212 ἀναθημάτων
851 3131 1016 3210 ἀπείχετο,
1037 3133 1109 3206 τοὺς
1124 3133 1159 3195 δὲ
1174 3132 1324 3216 Δελφοὺς
1339 3131 1452 3198 addar-

210 3238 306 3316 μονίηι
328 3234 381 3296 καὶ
404 3234 535 3316 πλούτῳ
559 3233 772 3321 διαφέροντας
794 3237 959 3324 ἐπράξατο
987 3239 1117 3324 πλῆθος
1145 3240 1315 3325 χρημάτων
1342 3232 1454 3306 ἱκανὸν

210 3343 254 3415 εἰς
279 3341 349 3414 τοὺς
374 3344 435 3405 τῶν
458 3344 557 3416 ξένων
579 3344 728 3424 μισθοὺς.
777 3342 987 3421 Quamobrem
1009 3344 1220 3428 Philomelus,
1248 3348 1273 3413 si
1299 3369 1319 3412 5
1340 3347 1454 3434 templi

210 3448 358 3515 thesauro
382 3448 531 3535 pecunias
554 3453 692 3515 mutuari
715 3452 745 3515 ei
768 3451 870 3533 licuit,
895 3475 915 3518 a
930 3452 1141 3541 locupletibus
1157 3453 1354 3541 Delphomm
1370 3456 1453 3521 mili-

209 3560 278 3622 turn
301 3556 461 3643 stipendia
484 3556 609 3640 exegit?
650 3556 860 3635 Quamobrem
884 3583 1040 3628 summum
1055 3562 1251 3649 Delphorum
1271 3563 1376 3630 odium
1392 3564 1452 3630 sibi

210 3665 376 3747 excitavit,
406 3684 477 3730 cum
504 3665 558 3731 via
586 3665 714 3732 minime
737 3667 868 3734 insolita
890 3672 1038 3755 pecunias
1061 3691 1245 3756 comparare
1268 3673 1298 3736 ei
1321 3671 1451 3738 liceret?

210 3772 293 3837 Sane
316 3773 431 3837 mirum
455 3776 505 3838 est
528 3772 611 3859 quod
633 3771 837 3860 ἀναθήματα
861 3781 894 3842 et
916 3777 1064 3863 χρήματα
1087 3782 1156 3844 tam
1180 3777 1296 3845 diserte
1319 3780 1381 3845 sibi
1398 3799 1452 3865 op

210 3883 382 3965 ponuntur;
406 3878 603 3949 Philomelus
626 3882 708 3948 nihil
731 3882 769 3948 de
793 3885 932 3974 pecuniis
957 3887 1054 3952 sacris
1078 3886 1266 3969 cogitavisse
1290 3886 1427 3953 videtur!

286 4093 305 4160 ¹)
324 4097 346 4162 I,
365 4114 392 4166 p.
411 4099 475 4166 453,
494 4102 550 4154 not
572 4102 595 4153 1.

284 4182 304 4252 ²)
326 4187 358 4239 el.
379 4189 473 4241 contra
491 4189 558 4242 Iust.
578 4190 657 4256 VIII,
683 4191 696 4244 l
718 4207 783 4245 auro
802 4195 830 4246 et
847 4194 964 4262 pecunia
982 4193 1078 4249 divites
1099 4198 1150 4250 etc.
1186 4197 1267 4253 Paos.
1289 4196 1336 4262 10,
1363 4196 1394 4262 8,
1420 4197 1450 4264 35

210 4276 377 4346 Theopompi
397 4278 462 4345 frag.
485 4277 545 4330 182.
584 4305 589 4312 ·

281 4362 474 4430 biahresber.
494 4367 555 4433 vn,
572 4385 599 4436 p.
619 4369 681 4423 401.

282 4453 305 4522 ι1
325 4457 370 4513 Gr.
389 4455 465 4523 hist,
483 4455 550 4511 ΠΙ1
568 4474 596 4527 p.
616 4458 678 4525 189,
697 4462 755 4515 not
777 4462 819 4516 16.

282 4543 305 4614 ⁸)
323 4563 351 4616 p.
371 4545 432 4602 lex.
