3442 5134
730 421 771 428 -
820 381 952 447 39¹.-

221 585 312 630 suum
336 583 504 650 occupasse
528 562 689 644 mdcutur,
719 563 830 648 utqui
853 563 972 627 iactum
996 564 1095 643 esset,
1120 565 1156 626 ut
1179 560 1407 628 Demosthenes
1430 564 1463 627 in

227 674 373 739 contione
400 672 596 758 loqueretur,
625 670 840 757 explanarent.
888 669 960 735 Non
987 671 1104 753 magis,
1133 691 1213 756 quae
1239 669 1322 756 apud
1345 673 1464 736 utrum-

220 801 280 867 que
305 781 343 847 de
366 780 591 867 Demosthenis
613 782 647 845 in
668 778 860 846 Aeschinem
883 779 1145 862 magnaminitate
1168 777 1330 861 leguntur,
1355 778 1463 844 arche-

221 892 300 974 typo
339 887 518 954 abiudicare
556 885 665 953 dubito
705 885 847 973 (PsPlut.
890 890 970 968 284,
1012 888 1170 969 90-93;
1209 885 1302 952 Phot.
1343 889 1408 952 499
1446 893 1462 944 b

223 997 388 1062 31-494
418 1015 436 1052 a
471 996 516 1080 2).
569 993 687 1072 Quibus
721 994 799 1062 locis
835 995 933 1061 ctiam
967 1014 1114 1061 numeros
1146 994 1462 1061 Demosthenicomm

222 1124 373 1169 annorum
394 1125 413 1169 a
427 1101 543 1169 Photio
559 1089 695 1169 traditos
711 1101 803 1184 addo,
827 1104 853 1168 si
871 1100 998 1189 quidem
1012 1099 1322 1169 Pseudo-Plutarcho
1339 1122 1461 1188 quoque

221 1211 416 1278 restituenda
451 1216 539 1294 sunt,
575 1211 640 1277 495
669 1231 695 1277 a.
720 1213 756 1293 2,
793 1213 828 1277 3:
867 1211 941 1293 ἐβίω
976 1211 1022 1287 δὲ,
1055 1211 1097 1286 ὡς
1129 1214 1188 1293 μὲν
1222 1210 1252 1275 οἳ
1288 1212 1326 1273 τὰ
1361 1211 1461 1274 πλείω

219 1320 378 1398 λέγουσιν,
405 1318 457 1404 ἔτη
481 1319 527 1394 o‘,
553 1316 653 1392 ὡςδὲ
676 1316 706 1382 οἳ
732 1319 770 1381 τὰ
798 1317 936 1393 ἐλάττω,
963 1318 988 1394 ζ’
1018 1317 1071 1381 καὶ
1097 1318 1137 1393 ξ’.
1184 1316 1285 1395 Quam
1313 1318 1461 1383 notitiam

220 1447 282 1493 una
309 1446 380 1493 curn
408 1428 493 1493 vitae
521 1427 620 1513 ipsius
645 1427 766 1492 ratione
791 1423 935 1512 (PsPlut.
962 1427 1037 1507 284,
1064 1427 1121 1511 81)
1147 1426 1201 1512 (cf.
1226 1447 1322 1512 supra
1344 1446 1375 1512 p.
1401 1427 1459 1510 34)

219 1534 259 1600 ab
283 1555 344 1601 uno
367 1534 539 1620 eodemque
563 1538 689 1601 auctore
713 1534 865 1619 scriptam
888 1554 966 1614 esse,
990 1538 1027 1599 ut
1049 1533 1175 1599 credam
1192 1532 1387 1600 nullomodo
1405 1531 1460 1597 ad-

218 1641 289 1708 duci
312 1663 450 1729 possum.
498 1641 619 1707 Neuter
642 1642 741 1723 enirn,
770 1641 854 1728 quod
876 1642 985 1728 utique
1007 1642 1217 1708 necessarium
1240 1647 1324 1708 esset
1334 1642 1374 1727 ¹),
1403 1662 1460 1705 nu-

141 1767 145 1775 ’
217 1773 323 1818 merus
346 1753 379 1818 in
401 1750 494 1816 illam
516 1751 672 1817 rationem
693 1748 842 1837 quadrat3
867 1755 1012 1836 apertum
1027 1750 1198 1833 igiturest,
1223 1769 1367 1816 numeros
1384 1747 1457 1814 illos

201 1848 239 1923 'a
253 1859 427 1946 posteriore
443 1857 580 1945 quodam
595 1860 629 1923 in
640 1858 847 1944 archetypum
858 1857 967 1925 illatos
979 1878 1048 1923 esse
1059 1878 1160 1943 neque
1173 1878 1243 1922 cum
1255 1856 1457 1940 Schaeler02)

219 1987 272 2033 eos
295 1965 461 2033 emendare
485 1986 564 2052 opus
587 1971 645 2033 est.
685 1964 732 2031 Eu
756 1966 908 2032 eiusmodi
932 1966 1028 2049 igitur
1045 1965 1217 2051 archetypo
1233 1963 1458 2030 additamentis

216 2076 281 2141 iam
312 2074 508 2162 amplificato
538 2115 579 2123 —
609 2074 778 2140 tenendum
813 2095 938 2161 semper
973 2079 1036 2156 est,
1072 2094 1136 2160 qua
1169 2074 1289 2138 incerta
1323 2073 1376 2137 via
1410 2072 1458 2137 iu-

216 2182 411 2266 grediamur,
447 2203 519 2249 cum
553 2182 694 2250 subsidia
728 2182 797 2249 sola
832 2205 849 2249 e
884 2183 1117 2268 comparatione
1144 2179 1456 2247 Pseudo-Plutarchi

215 2289 384 2379 Phetiique
408 2293 547 2357 vitarum
570 2291 707 2378 petenda
722 2292 786 2357 sint
802 2330 844 2339 -
861 2289 951 2371 duae,
975 2293 1012 2354 ut
1026 2310 1121 2376 supra
1136 2290 1199 2354 iam
1215 2288 1290 2371 dixi,
1315 2288 1456 2353 familiae

216 2399 376 2485 profectae
399 2404 487 2481 sunt,
517 2420 650 2486 quarum
673 2399 836 2466 noussimi
858 2402 958 2464 testes
980 2396 1031 2462 illi
1057 2398 1226 2482 scriptores
1255 2394 1456 2462 existimandi

216 2512 304 2590 sunt,
334 2529 476 2595 quaeque
500 2529 521 2572 a
543 2508 702 2574 communi
725 2509 855 2593 parente
879 2509 1044 2592 separatae
1067 2503 1132 2572 alia
1159 2504 1257 2570 aliam
1285 2505 1454 2584 fortunam,

216 2614 435 2682 additamenta
462 2636 499 2682 ac
528 2615 738 2701 corruptelas,
768 2618 916 2701 expertae
943 2618 1026 2680 sunt.
1077 2612 1183 2700 Atque
1211 2614 1304 2698 longe
1335 2614 1456 2699 optima

216 2724 344 2790 fortuna
357 2722 466 2790 Photii
482 2723 606 2789 familia
621 2744 680 2789 usa
695 2726 753 2805 est,
771 2721 932 2788 rhetorum
948 2722 1156 2813 recentiorum
1171 2721 1294 2787 iudiciis
1311 2723 1453 2807 aucta³);

216 2831 394 2897 miserrima
413 2834 521 2896 autem
536 2850 604 2897 sors
619 2820 714 2896 alteri
730 2829 872 2913 contigit
897 2850 977 2914 quae
994 2828 1199 2914 dispositione
1215 2829 1349 2914 pristina
1364 2827 1453 2894 foede

216 2937 375 3025 discerpta
409 2937 706 3025 interpolationibus
740 2936 841 3003 multo
875 2937 977 3020 magis
1012 2935 1158 3023 patebat,
1195 2938 1228 3002 in
1262 2935 1375 3022 quibus
1411 2975 1452 2984 —

215 3044 353 3132 reliquas
396 3049 480 3114 vitas
523 3046 743 3133 praetermitto
787 3085 829 3094 -
869 3045 930 3112 hae
972 3046 1138 3132 praecipue
1181 3043 1337 3110 notandae
1380 3048 1454 3109 sunt

214 3174 245 3239 p.
286 3156 367 3235 287,
409 3155 611 3237 175-288,
654 3156 733 3238 188;
774 3156 853 3235 289,
896 3155 1096 3234 207-217,
1142 3154 1221 3233 290,
1264 3154 1451 3218 287-243

214 3261 268 3346 qui
291 3260 379 3328 locus
401 3261 698 3348 interpolationibus
725 3263 822 3329 variis
850 3262 981 3343 eminet,
1010 3281 1084 3326 nam
1112 3281 1175 3326 non
1202 3258 1303 3326 solum
1331 3279 1361 3324 v.
1387 3261 1452 3324 240

215 3368 288 3444 τοὺς
302 3369 337 3434 δὲ
352 3370 519 3444 πλείστους
534 3370 649 3449 λόγους
664 3375 756 3436 εἶπεν
772 3369 1033 3459 αὐτοσχεδιάσας,
1056 3367 1092 3433 εὖ
1106 3369 1188 3453 πρὸς
1203 3366 1281 3431 αὐτὸ
1302 3367 1453 3448 πεφυκώς

214 3496 285 3544 curn
308 3476 405 3564 paulo
428 3481 502 3543 ante
526 3477 619 3545 dictis
643 3481 687 3564 (u.
713 3478 907 3562 293-236)
931 3481 1087 3563 pugnant,
1111 3475 1167 3542 sed
1190 3476 1287 3540 etiarn
1310 3494 1360 3538 vv.
1387 3475 1445 3537 241

214 3588 324 3652 -243
348 3589 532 3672 πρῶτος-
548 3586 697 3660 Διώνδας
719 3585 801 3652 alius
824 3586 952 3669 originis
976 3589 1050 3652 sunt
1073 3588 1168 3670 atque
1194 3584 1450 3648 νο.196-119.

212 3692 274 3759 Hic
302 3693 454 3775 subsiste,
484 3715 523 3759 ne
553 3692 638 3759 ultra
665 3691 901 3778 probabilitatis
929 3693 1006 3759 fines
1030 3692 1139 3774 uagari
1162 3690 1284 3770 videam
1314 3688 1369 3755 sed
1392 3691 1453 3755 nisi

212 3802 400 3868 coniecturis
429 3821 499 3866 eam
528 3821 623 3887 quam
650 3799 691 3866 A.
720 3799 904 3885 Schaefer⁴)
933 3799 1105 3866 delineavit
1133 3797 1299 3863 historiam
1327 3798 1452 3883 assequi

211 3931 269 3977 nos
292 3931 356 3976 non
380 3930 472 3996 posse
495 3910 529 3975 in
551 3913 662 3996 aperto
686 3913 744 3976 cst.

285 4017 441 4084 Transeo
457 4035 539 4082 nunc
554 4015 596 4082 ad
611 4018 693 4083 veri
707 4014 909 4082 Plutarchi
925 4016 1009 4081 vitae
1025 4014 1284 4100 compositionem
1300 4031 1356 4097 pro
1373 4011 1452 4076 meis

290 4215 310 4284 ι)
330 4217 363 4270 er.
389 4214 515 4268 nocam
539 4214 622 4268 etum
646 4214 754 4269 osriuu
780 4215 847 4282 eoo,
872 4215 907 4268 ee
931 4231 992 4269 eum
1016 4214 1084 4279 mr,
1112 4215 1128 4265 u
1153 4215 1181 4265 a
1196 4198 1271 4277 ὀοο,
1300 4211 1335 4265 sc
1360 4209 1450 4276 (rior.

212 4308 265 4362 487
281 4317 294 4346 ¹
313 4306 356 4370 39,
376 4305 427 4369 40;
446 4303 528 4357 486¹>
548 4300 603 4368 11).

286 4392 308 4461 ²)
328 4397 402 4449 Dem.
423 4409 449 4446 u.
470 4409 491 4447 s.
511 4393 540 4444 Z.
577 4393 625 4446 111.
644 4394 760 4463 Beilege.
798 4395 833 4460 ΙΙ,
852 4412 879 4463 p.
900 4394 943 4448 52.

285 4481 308 4549 ’)
328 4485 419 4539 Alium
437 4483 569 4536 rationem
588 4486 741 4551 sequuntur
759 4485 850 4541 Photii
868 4485 950 4539 uerba
966 4483 1021 4537 492
1036 4493 1049 4523 ⁸
1068 4483 1112 4549 27,
1128 4484 1212 4538 aliam
1230 4482 1244 4518 b
1261 4480 1374 4537 18-20.

285 4569 308 4639 ⁴)
327 4572 428 4627 Gomm.
447 4587 475 4640 p.
494 4571 538 4638 37,
557 4571 601 4627 38.
