3442 5134
761 384 894 454 μιν
942 426 983 438 ..

253 565 341 646 Quod
364 568 406 634 ed
428 589 499 656 epp.
525 571 645 634 c-lo
668 570 739 655 ipsa
765 570 897 650 attinet,
927 566 969 634 ad
995 589 1090 634 uuem
1119 568 1312 657 eandemque
1339 570 1491 653 originem

252 677 384 744 redeunt
412 683 507 764 atque
535 678 672 763 primurn
700 677 748 755 de,
767 678 939 763 asperitate
962 676 1185 743 Demosthenis
1212 678 1362 743 cretionis
1390 680 1425 742 et
1452 675 1491 742 de

155 846 160 852 .
252 786 353 852 tribus
369 787 507 872 eorporis
523 786 611 852 vitiis
625 787 793 871 exponitur
802 787 837 871 ¹),
854 806 935 872 quae
951 786 996 851 sic
1011 786 1242 868 significantur:
1266 790 1374 871 φωνῆς
1386 786 1491 849 ἀσθέ-

252 917 334 970 νεια,
355 894 495 980 γλώσσης
517 893 673 977 ἀσάφεια,
695 893 882 977 πνεύματος
903 892 1079 978 κολοβότης.
1118 893 1240 960 Deinde
1256 893 1493 959 narratiuncula

252 1004 291 1068 de
314 1000 455 1068 Eunomo
483 1003 640 1086 ἀτολμίαν
667 1003 720 1066 καὶ
746 1003 911 1085 μαλακίαν
937 1002 1102 1068 illustrans
1127 1002 1272 1084 affertur,
1300 1004 1334 1068 in
1356 1022 1382 1069 c.
1408 1005 1427 1065 7
1453 1001 1492 1068 do

252 1111 361 1197 Satyri
382 1110 544 1177 histrionis
568 1109 737 1197 disciplina
759 1114 793 1177 et
815 1109 854 1175 de
883 1110 1158 1176 exercitationibus
1186 1111 1227 1176 ad
1255 1111 1411 1177 actionem
1439 1131 1493 1175 er·

252 1218 416 1285 colendam
439 1219 595 1285 institutis
618 1223 778 1300 narratur,
808 1219 993 1305 quibuscum
1016 1239 1042 1285 c.
1068 1222 1088 1287 8
1112 1210 1271 1286 artissime
1294 1220 1492 1285 coniunctum

252 1330 315 1409 est,
345 1347 406 1413 quo
430 1325 678 1392 Demosthenem
706 1349 726 1392 a
752 1331 868 1392 natura
890 1325 980 1391 nulls
1003 1326 1087 1393 felici
1111 1327 1291 1413 eloquentia
1314 1327 1491 1413 praeditum

252 1434 308 1502 sed
332 1434 537 1521 amplissimis
561 1434 687 1500 demum
709 1435 823 1501 studiis
846 1455 1031 1521 summoque
1054 1435 1162 1501 labore
1183 1435 1308 1502 dicendi
1328 1440 1430 1502 ortem
1445 1437 1492 1500 ite

253 1545 484 1630 comparavisse
508 1543 674 1625 docemur‚'
698 1548 734 1609 ut
757 1545 817 1609 nisi
846 1545 1084 1610 accuratissima
1110 1543 1316 1610 meditatione
1343 1545 1492 1609 instituta

252 1672 423 1738 numquam
447 1651 488 1717 ad
511 1651 662 1738 populum
685 1651 868 1738 loqueretur
890 1653 945 1738 (cf.
970 1672 996 1719 c.
1019 1656 1038 1716 λ
1062 1650 1335 1736 φιλοπονώτατος,
1358 1653 1491 1736 8φιλο-

253 1763 393 1844 πονελν).

343 1865 402 1946 oui
430 1872 538 1934 temen
567 1870 686 1935 lactum
714 1870 771 1949 sit,
805 1873 841 1934 ut
869 1870 1027 1935 orationes
1056 1870 1122 1935 eius
1149 1890 1305 1935 summam
1333 1869 1492 1954 spirarent

252 1975 428 2058 audaciam,
442 1978 583 2062 proximo
596 1977 700 2062 capite
713 1978 765 2063 (9)
776 1975 909 2042 Periclis
921 1977 975 2064 (cf.
990 1996 1016 2042 c.
1029 1980 1049 2041 6
1063 1976 1132 2061 fin.)
1145 1975 1290 2062 exemplo
1302 1976 1506 2057 illustratum*

252 2085 338 2150 cuius
354 2083 489 2167 πλάσμα
509 2088 543 2150 et
563 2087 781 2170 σχηματισμὸν
795 2084 1026 2150 Demosthenes
1048 2085 1095 2149 ite
1117 2085 1262 2150 imitatus
1286 2105 1354 2150 esse
1378 2084 1492 2151 dieitur

252 2194 288 2256 ut
310 2192 468 2257 orationes
488 2192 617 2257 habitae
633 2190 705 2278 plus
721 2193 819 2257 animi
834 2192 1029 2277 ferociusque
1046 2191 1208 2272 haberent,
1232 2213 1328 2278 qnam
1343 2193 1490 2278 scriptae,

251 2297 460 2366 Eratosthene
472 2300 635 2366 Demetrio
647 2299 802 2365 Phalereo
819 2301 945 2366 comicis
960 2302 1063 2386 poetis
1078 2301 1223 2366 testibus.
1259 2301 1298 2366 In
1308 2321 1335 2367 e.
1351 2304 1394 2366 10
1405 2300 1492 2366 deni·

251 2426 311 2493 que
340 2427 410 2473 cnm
433 2406 585 2473 Demadis
614 2412 647 2473 et
669 2406 837 2473 Phocionis
865 2428 904 2473 er
931 2412 1072 2494 tempore
1101 2409 1171 2474 fusa
1199 2409 1381 2499 eloquentia
1407 2429 1492 2475 com-

251 2518 391 2601 paratur.
431 2514 559 2601 Optimo
576 2514 693 2596 ordine,
710 2513 804 2601 que'm
820 2515 918 2580 etiam
934 2517 966 2581 in
982 2515 1172 2582 Plutarcheo
1189 2517 1275 2582 fonte
1291 2516 1491 2582 observatum

252 2623 347 2689 fuisse
371 2625 470 2689 statui
491 2624 595 2705 dehet,
619 2622 698 2689 haee
719 2624 825 2689 omnic
840 2644 909 2690 sese
925 2625 1095 2711 excipiunt,
1120 2628 1230 2691 contra
1244 2626 1278 2690 in
1293 2645 1319 2691 c.
1339 2628 1378 2689 11
1398 2624 1491 2690 vehe-

252 2736 375 2796 menter
398 2721 599 2813 offendimm,
628 2752 690 2818 qno
713 2733 831 2818 partim
853 2732 965 2798 eadem
988 2734 1187 2817 attinguntur
1210 2735 1327 2820 partim
1350 2754 1433 2799 nova
1457 2737 1491 2800 et

252 2839 292 2905 eh
316 2843 390 2904 ante
414 2839 506 2906 dietis
530 2829 656 2926 prorsus
679 2840 784 2907 aliena
806 2840 1013 2927 explicantur.
1054 2841 1216 2907 Demetrio
1236 2843 1320 2906 enirn
1335 2839 1491 2907 Phalereo

192 3002 194 3007 ,
252 2951 388 3029 auctore,
413 2947 526 3033 quibus
550 2949 723 3014 rationibus
744 2950 883 3035 corporis
899 2949 985 3015 vitiis
1001 2947 1231 3014 Demosthenes
1246 2948 1421 3016 medicatus
1436 2950 1489 3030 sit,

252 3056 430 3141 exponitur:
460 3057 522 3121 tria
538 3056 649 3123 eadem
663 3058 753 3138 vitia,
778 3056 891 3143 quibus
905 3057 939 3122 in
954 3077 980 3121 e.
999 3060 1018 3121 6
1035 3058 1234 3139 occurrimus,
1256 3061 1488 3123 enumerantur.

252 3161 337 3242 Quae
361 3167 568 3230 annectuntur
592 3168 674 3228 strar
699 3204 740 3213 -
765 3170 931 3250 περαίνειν
958 3163 1000 3229 sd
1027 3165 1160 3230 aetionis
1188 3164 1295 3230 studia
1321 3166 1488 3251 pertinere,

252 3268 361 3335 eedem
390 3270 454 3336 fere
482 3291 562 3357 quae
591 3272 623 3336 iu
650 3291 676 3337 e.
708 3273 727 3335 7
755 3270 874 3354 legitur
901 3272 1060 3336 sententia
1090 3270 1242 3337 facillime
1276 3271 1489 3355 intellegitur:

251 3373 350 3451 οὕτως
372 3377 449 3463 ᾤετο
472 3382 553 3461 μέγα
576 3380 658 3464 πρὸς
680 3384 788 3443 πίστιν
811 3381 896 3441 εἶναι
918 3379 974 3442 τὸν
994 3379 1089 3444 τόνον
1103 3380 1157 3443 καὶ
1173 3381 1229 3465 τὴν
1244 3379 1413 3466 ὑπόκρισιν
1429 3385 1491 3444 τῶν

251 3485 408 3563 λεγόντων
436 3485 474 3550 of.
500 3505 525 3550 c.
552 3488 587 3550 λε
614 3489 808 3550 ’πεισθέντα
836 3485 867 3549 δ’
896 3481 971 3549 ὅσον
993 3487 1027 3549 ἐκ
1050 3490 1103 3572 τῆς
1125 3485 1318 3573 ὑποκρίσεως
1341 3491 1383 3574 τῷ
1404 3487 1490 3570 λόγῳ

250 3592 369 3675 κόσμου
391 3593 445 3656 καὶ
467 3593 597 3680 χάριτος
620 3595 766 3679 πρόςεστι
789 3595 854 3658 κτλ.
894 3594 964 3661 Iam
987 3596 1065 3662 haee
1087 3600 1124 3661 ut
1146 3599 1306 3662 auctorem
1329 3619 1349 3662 a
1372 3617 1441 3683 opp.
1468 3599 1488 3661 6

251 3703 285 3764 et
308 3702 326 3763 λ
351 3698 511 3766 diversum
534 3702 737 3786 suspicemur,
762 3706 887 3785 cogunt,
913 3723 993 3788 quiec
1014 3704 1149 3790 suspicio
1165 3704 1368 3790 sequentibus
1384 3705 1489 3770 verbis

251 3806 453 3874 confirmatur
481 3810 601 3893 (omnia
628 3809 726 3874 verba
753 3808 825 3903 inde
854 3810 895 3874 ab
923 3811 1013 3875 initio
1041 3831 1139 3897 usque
1167 3810 1208 3876 ad
1232 3809 1278 3875 ὧν
1300 3813 1354 3874 καὶ
1375 3813 1489 3897 Δημή-

252 3914 374 4001 τριοςὸ
403 3916 568 4001 Φαληρεύς
590 3917 674 3980 ἐστιν
696 3916 799 3983 nescio
824 3937 865 3982 au
893 3936 954 3982 non
981 3921 1066 3983 recte
1089 3916 1223 3983 Mueller
1249 3919 1287 3984 fr.
1313 3918 1344 3983 h.
1374 3941 1421 4003 gr.
1445 3919 1488 4000 Π,

251 4044 281 4109 p.
307 4024 371 4088 367
389 4022 551 4089 Demetrio
572 4023 807 4109 vindicaturum:
839 4037 901 4099 τοῖς
922 4027 981 4107 μὲν
1005 4022 1063 4090 οὖν
1086 4025 1218 4100 πολλοῖς
1240 4024 1491 4112 ὑποκρινόμενος

250 4131 357 4217 ἤρεσκε
381 4135 591 4214 θαυμαστῶς,
617 4131 647 4196 οἱ
671 4133 705 4196 δὲ
728 4138 927 4218 χαρίεντες
951 4133 1107 4196 ταπεινὸν
1129 4132 1263 4218 ἡγοῦντο
1286 4135 1339 4197 καὶ
1359 4134 1490 4213 ἀγεννὲς

251 4239 349 4303 αὐτοῦ
366 4239 400 4301 τὸ
416 4238 553 4323 πλάσμα
567 4240 621 4303 καὶ
634 4240 781 4323 μαλακὸν
795 4237 842 4303 ὧν
856 4240 910 4302 καὶ
924 4247 1008 4325 App.
1025 4238 1042 4304 ὁ
1062 4240 1145 4303 ool.
1161 4240 1258 4317 ἐστιν,
1280 4262 1361 4328 quoe
1377 4241 1417 4307 ab
1434 4262 1489 4306 au-

251 4349 335 4412 ctore
352 4366 377 4412 o.
397 4349 416 4411 9
433 4349 536 4433 petita
551 4368 619 4414 esse
636 4348 820 4430 existimari,
838 4346 948 4413 eodem
961 4367 978 4412 e
991 4348 1077 4413 cuius
1089 4348 1247 4414 sententia
1259 4347 1488 4416 Demosthenes

325 4581 345 4657 ¹)
364 4585 468 4642 Auctor
487 4584 626 4644 Plutarchi
646 4584 679 4641 de
696 4585 769 4645 riuis
788 4599 843 4644 uon
860 4585 970 4659 plenius
989 4583 1149 4641 disseruisse
1166 4584 1344 4660 videturjdrr
1361 4585 1450 4652 ἔοικε).
