3442 5134
664 351 957 443 zoa-

226 562 374 625 magnam
411 542 536 626 partem
571 538 728 604 Diodorea
762 535 968 602 Timoleontis
1002 556 1106 600 rerum
1145 535 1302 600 enarratio
1338 531 1465 600 Timaeo

227 648 435 716 abiudicanda
463 653 520 713 est.
569 646 652 711 Nam
680 645 802 732 reliqua
830 665 952 731 quoque
980 644 1101 730 capita,
1130 664 1210 730 quae
1238 664 1320 709 nunc
1343 643 1468 727 singula

227 760 441 845 pervestigare
471 757 597 834 omitto,
633 776 823 841 quamquam
852 753 1036 840 plerumque
1064 773 1261 819 communem
1286 767 1365 818 'oum
1393 751 1467 818 Plu-

227 866 338 933 tarcho
361 864 547 931 relationem
571 863 699 929 reddere
723 862 870 929 videntur
880 865 914 947 ¹),
943 867 1050 928 tamen
1074 861 1294 947 discrepantiis
1317 861 1469 926 eiusmodi

228 996 290 1040 non
318 978 439 1053 carent,
476 994 556 1060 quae
586 972 627 1037 ad
655 970 752 1037 alium
781 977 941 1037 auctorem
969 971 1144 1036 necessario
1173 968 1304 1035 Diodori
1331 970 1469 1034 rationes

229 1086 319 1148 caute
343 1081 554 1168 expendentes
578 1102 634 1147 nos
657 1081 780 1148 ducant.
821 1078 894 1161 Sed,
919 1083 954 1144 ut
970 1077 1154 1164 supradixi,
1179 1078 1396 1163 quaestionem
1413 1077 1468 1143 ab·

228 1190 349 1257 solvere
372 1211 435 1256 11011
457 1190 536 1256 mihi
559 1191 754 1278 propositum
777 1194 835 1254 est.

318 1298 472 1377 Quoniam
507 1302 680 1366 sententias
709 1298 810 1364 adhuc
838 1296 980 1385 prolatas
1001 1297 1158 1382 imprimis
1180 1293 1336 1361 notandas
1364 1315 1469 1361 recen-

228 1409 285 1485 sui,
310 1427 390 1473 nuno
414 1428 519 1473 meum
542 1409 594 1481 sit,
622 1427 703 1493 quae
726 1407 788 1491 ipsi
810 1405 888 1470 mihi
912 1403 950 1470 dc
974 1403 1152 1469 auctoribus
1176 1424 1196 1467 a
1219 1402 1357 1468 Diodoro
1380 1402 1479 1486 adhif
1577 1487 1580 1492 1

154 1570 160 1575 .
230 1516 304 1581 bitis
327 1515 496 1581 statuenda
519 1515 693 1594 videantur,
719 1516 895 1580 accuratius
915 1512 1081 1598 explicare.
1118 1510 1180 1578 Sed
1197 1513 1308 1591 fateor,
1332 1511 1469 1577 nondum
1559 1573 1563 1577 .

228 1623 306 1687 mihi
337 1625 519 1705 contigisse,
549 1627 584 1687 ut
612 1625 666 1688 uni
689 1643 726 1688 01
750 1621 921 1700 historicis,
951 1641 1028 1706 quos
1050 1617 1172 1705 Pack²)
1197 1621 1392 1685 enumeravit
1415 1623 1471 1684 aut

229 1732 365 1816 priorem
401 1734 456 1795 aut
491 1729 627 1794 alteram
655 1729 787 1794 duarum
814 1727 957 1808 illarum,
993 1748 1072 1814 quas
1101 1728 1218 1793 eruisse
1246 1726 1324 1793 mihi
1352 1727 1469 1809 videor,

229 1837 418 1903 relationum
458 1837 659 1903 vindicarem,
715 1836 925 1914 Quamobrem
962 1857 1002 1901 110
1037 1835 1171 1901 aliorum
1205 1838 1378 1902 sententias
1412 1837 1471 1900 im-

229 1965 383 2031 pugnare,
409 1946 475 2031 ipse
500 1928 752 2010 autem'nullam
775 1945 913 2030 proferre
937 1964 1030 2030 posse
1054 1942 1177 2025 videar,
1207 1945 1335 2009 minime
1357 1945 1469 2024 timeo;

229 2053 252 2118 ii
275 2054 329 2139 qui
352 2052 424 2119 huic
447 2055 625 2139 quaestioni
648 2052 788 2139 aliquam
812 2073 919 2118 curam
944 2052 1155 2137 impenderint
1182 2051 1275 2117 facile
1298 2051 1376 2117 mihi
1399 2072 1471 2117 con·

228 2161 355 2253 cedent,
385 2162 500 2228 rectius
523 2182 591 2228 esse
615 2162 648 2226 in
671 2161 855 2227 miserrimis
879 2159 1099 2226 historicorum
1121 2158 1249 2224 illorum
1272 2180 1401 2245 operum
1424 2180 1472 2224 re·

229 2268 335 2354 liquiis
358 2274 464 2336 tacere
488 2291 582 2355 quam
607 2270 800 2335 coniecturas
821 2270 907 2334 omni
922 2266 1148 2354 probabilitate
1164 2271 1307 2334 carentes
1322 2268 1469 2353 proferre.

231 2374 329 2461 Spero
354 2376 419 2441 fore
442 2381 478 2442 ut
501 2376 615 2462 aliquis
638 2398 689 2442 me
713 2376 834 2442 doctior
857 2377 1074 2461 quaestionem
1090 2375 1171 2442 hanc
1187 2374 1227 2440 ad
1243 2376 1361 2441 iustum
1377 2374 1471 2440 linem

231 2483 381 2569 perducat
408 2489 502 2571 atque
527 2506 694 2575 summum·
707 2505 819 2572 operae
843 2487 980 2571 pretium
1003 2485 1081 2550 mihi
1105 2486 1286 2567 contigerit,
1315 2486 1343 2550 si
1366 2483 1471 2569 dispu-

229 2593 310 2657 tatio
334 2614 405 2658 mea
427 2614 490 2659 non
513 2594 631 2660 frustra
652 2595 800 2659 instituta
823 2595 851 2659 ei
875 2593 1042 2659 videbitur.

742 2831 958 2840 ——-—-

539 3068 591 3148 Π.
631 3067 698 3148 Ι)0
730 3067 826 3147 vitis
858 3066 1167 3148 Demosthenis.

318 3240 367 3306 De
396 3242 470 3306 vitis
494 3240 718 3336 Demosthenis
734 3261 826 3325 -quae
856 3262 876 3304 a
898 3239 1083 3322 Plutarcho,
1113 3239 1152 3305 ab
1180 3244 1306 3305 auctore
1334 3240 1470 3306 vitarum

229 3349 337 3415 decem
354 3355 523 3429 oratorum,
547 3370 567 3412 a
582 3347 705 3430 Photio,
731 3347 873 3430 Libanio,
898 3346 1031 3430 Zosimo,
1053 3368 1090 3413 00
1105 3349 1159 3432 qui
1175 3346 1269 3430 vulgo
1284 3346 1470 3434 Anonymus

228 3459 337 3538 fertur,
367 3456 464 3522 Suida
487 3458 622 3542 scriptae
646 3456 687 3522 ad
709 3477 766 3522 nos
789 3463 999 3542 pervenerunt
1021 3456 1164 3521 omnibus
1187 3457 1375 3523 coniunctim
1398 3461 1471 3543 post

229 3564 535 3650 Westermannum³>
559 3585 650 3630 nemo
667 3566 842 3631 accuratius
857 3564 1042 3651 disputavit,
1067 3564 1122 3630 sed
1145 3563 1263 3631 111111.
1282 3569 1337 3630 aut
1359 3565 1392 3630 iu
1407 3567 1470 3631 sin-

229 3671 374 3755 gularum
402 3675 539 3738 vitarum
567 3673 790 3759 compositione
818 3673 1016 3759 fontibusque
1040 3672 1237 3758 exquirendis
1260 3691 1330 3737 cum
1353 3673 1470 3738 maiore

229 3778 282 3846 101
309 3782 428 3845 minore
456 3780 682 3867 probabilitate
710 3782 828 3847 versati
855 3786 929 3848 sunt
957 3784 1012 3847 aut
1039 3780 1078 3847 de
1105 3781 1227 3847 ratione
1255 3782 1470 3846 universarum

230 3891 298 3952 tam
321 3891 495 3970 generatim
518 3888 734 3956 iudicaverunt
756 3894 792 3955 ut
814 3896 901 3956 certa
923 3890 1078 3977 quaedam
1101 3890 1200 3956 firmis
1219 3887 1364 3956 stabilita
1379 3909 1470 3971 argu-

230 3995 346 4059 mentis
374 3999 530 4062 sententia
556 3996 665 4063 haberi
693 4003 838 4084 nequeat.
887 3997 1008 4084 Operae
1036 4000 1132 4082 igitur
1159 3999 1296 4084 pretium
1323 3997 1401 4062 mihi
1425 3997 1470 4063 11-

231 4100 336 4183 detur,
372 4106 558 4188 praesertim
593 4125 663 4170 cum
699 4126 736 4170 ea
770 4127 850 4192 quae
878 4105 1096 4172 Westermann
1124 4106 1162 4172 de
1190 4106 1265 4171 ritis
1294 4106 1408 4171 statuit
1441 4106 1469 4171 ei

231 4276 447 4289 —-—-

303 4372 326 4496 ζ)
347 4378 379 4430 cl.
400 4379 508 4431 11011101
525 4379 554 4433 in
573 4378 662 4432 Fleck.
682 4396 744 4433 ann.
764 4382 784 4432 t.
807 4379 858 4433 107
877 4397 903 4448 p.
924 4378 1067 4433 aar-237
1087 4382 1152 4434 011.
1175 4379 1223 4431 111
1243 4395 1270 4446 p.
1291 4377 1345 4431 ‘134
1363 4393 1403 4446 sq.

366 4511 371 4522 .
394 4467 445 4522 189
464 4485 503 4522 s.

303 4466 522 4624 'ibuacstiories
542 4559 771 4613 Demosthenioac.
808 4559 875 4613 Pars
893 4559 939 4614 IV.
978 4559 1083 4628 Lipsiae
1104 4559 1181 4614 1837.
