3442 5134
764 347 1053 438 xeo-2

256 558 335 623 quae
363 535 455 603 hodie
482 539 652 622 usurpatur
679 536 804 601 criticae
833 537 896 599 arti
923 554 985 599 non
1012 535 1076 599 iam
1103 533 1315 614 satisfaciant,
1345 529 1386 596 ad
1411 534 1495 599 vitas

256 645 339 726 illas,
365 666 444 731 quas
466 666 657 732 quamquam
672 645 706 709 in
721 643 982 709 Demosthenicae
998 641 1148 708 historiae
1164 641 1302 707 fontibus
1318 642 1496 706 inferiorem

255 754 359 820 locum
382 758 492 820 tenent
514 759 622 820 tamen
645 752 810 836 neglegere
834 772 896 817 non
919 750 1004 832 lieet,
1030 749 1142 816 melius
1159 748 1373 815 aestimandas
1401 753 1496 835 atque

256 863 485 946 cognoscendas
513 866 666 949 quantum
693 863 727 927 in
754 882 805 925 me
830 864 879 926 est
903 859 1081 925 contulisse.
1129 856 1245 923 Omnes
1268 878 1348 944 quae
1372 857 1411 923 de
1434 857 1496 922 De-

256 971 429 1038 mosthenis
464 970 557 1036 rebus
586 970 626 1035 ab
655 969 720 1035 illis
748 967 857 1034 allatis
887 967 987 1034 adhuc
1015 967 1195 1052 disputatae
1224 970 1298 1032 sunt
1324 967 1497 1031 sententias

256 1076 356 1144 denuo
380 1082 517 1144 tractare
541 1076 731 1164 superfluum
754 1080 813 1158 est,
838 1075 895 1142 sed
917 1077 1000 1141 vitas
1023 1073 1098 1140 illas
1120 1096 1177 1161 per
1199 1095 1233 1140 se
1256 1094 1351 1160 quam
1371 1094 1498 1140 accura-

254 1188 376 1253 tissime
410 1188 562 1272 inspicere
597 1205 633 1250 ac
661 1184 850 1270 perscrutari
879 1203 960 1249 nunc
987 1182 1065 1247 mihi
1093 1183 1126 1247 in
1154 1182 1258 1246 animo
1286 1186 1344 1247 est.
1391 1180 1498 1267 Atque

255 1294 500 1380 disputationem
524 1294 572 1357 ita
594 1293 769 1373 instituam,
798 1294 834 1356 ut
856 1293 992 1377 primum
1017 1311 1033 1354 e
1057 1291 1281 1375 compositione
1305 1291 1441 1355 vitarum
1465 1293 1498 1354 et

255 1401 449 1486 singularum
483 1422 540 1487 per
573 1421 606 1468 se
640 1404 673 1465 et
699 1402 782 1466 inter
809 1421 842 1466 se
872 1403 1124 1485 comparatorum
1152 1420 1169 1464 e
1198 1399 1344 1484 qualibus
1371 1398 1498 1464 fluxisse

256 1509 420 1577 videantur
448 1509 587 1575 fontibus
615 1510 855 1594 perspiciamus,
892 1508 1004 1573 deinde
1034 1505 1274 1593 biographorum
1303 1505 1497 1592 aliorumque

255 1620 442 1704 scriptomm
466 1621 607 1683 veterum
630 1618 820 1683 testimoniis
844 1620 878 1681 et
900 1637 917 1681 e
940 1618 1016 1681 vitis
1038 1616 1115 1701 ipsis
1139 1620 1171 1680 et
1195 1613 1320 1680 aliunde
1344 1616 1427 1681 notis
1450 1617 1497 1681 usi

255 1747 333 1814 quos
361 1728 559 1812 potissimum
587 1729 729 1792 auctores
753 1727 892 1790 vitarum
915 1725 1084 1809 scriptores
1108 1725 1207 1789 secuti
1231 1744 1299 1788 esse
1323 1723 1497 1805 videantur,

166 1924 167 1929 ἵ
255 1834 405 1918 indagare
428 1855 583 1901 conemur.
1010 1838 1016 1849 ‘

272 2026 277 2041 Ι
344 1941 392 2007 De
416 1944 642 2028 compositione
665 1940 860 2025 singularum
885 1944 1022 2006 vitarum
1038 1941 1201 2026 disputare
1218 1939 1405 2023 ingredienti
1420 1939 1499 2005 mihi

255 2053 357 2138 primo
391 2051 460 2116 loco
495 2049 533 2115 de
568 2051 696 2115 vitain
725 2069 852 2134 corpore
883 2049 1018 2113 vitarum
1052 2047 1159 2113 decem
1188 2051 1347 2113 oratorum
1383 2046 1463 2113 falso
1474 2048 1498 2132 ¹)

255 2157 418 2225 Plutarchi
446 2160 570 2225 nomine
594 2157 714 2224 tradita
737 2178 830 2240 agere
853 2156 932 2221 mihi
955 2158 988 2221 in
1011 2158 1116 2222 animo
1140 2161 1196 2222 est.
1246 2154 1332 2233 Quae
1355 2157 1498 2242 quaestio

256 2286 326 2332 cum
350 2266 391 2332 ab
415 2287 452 2330 ea
475 2286 555 2352 quae
579 2268 628 2331 est
651 2264 689 2330 de
704 2262 1042 2330 Pseudo-Plutarcheis
1066 2264 1210 2329 omnibus
1227 2265 1301 2330 vitis
1316 2266 1499 2350 rationeque

255 2373 358 2461 qualis
381 2376 464 2440 inter
488 2394 541 2440 eas
557 2377 651 2458 atque
666 2370 773 2437 Photii
790 2373 872 2438 vitas
888 2372 996 2438 decem
1014 2376 1173 2439 oratorum
1197 2372 1300 2458 (codd.
1320 2371 1498 2453 coe-268

255 2480 397 2566 Behlrer)
426 2479 601 2546 intercedat
629 2479 762 2546 discerni
790 2500 852 2545 non
875 2481 989 2566 possit,
1020 2501 1059 2567 ea
1081 2500 1162 2566 quae
1186 2480 1300 2545 iterum
1324 2481 1499 2566 itemmquo

255 2591 338 2655 vitas
373 2588 532 2674 utriusque
567 2588 702 2652 auctoris
737 2588 934 2672 comparanti
964 2586 1043 2652 mihi
1071 2586 1304 2653 verisimillima
1330 2591 1401 2653 visa
1427 2591 1500 2652 sunt

256 2696 406 2763 hocloco
430 2694 521 2760 edere
545 2694 623 2759 mihi
647 2715 884 2780 proposueram,
913 2715 982 2760 cum
1007 2716 1081 2761 casu
1105 2697 1219 2775 evenit,
1244 2699 1281 2761 ut
1303 2696 1335 2760 in
1358 2692 1499 2760 Ballhei-

255 2805 334 2870 mori
351 2802 602 2869 dissertationem
610 2805 636 2888 ²)
658 2824 774 2886 magna
789 2802 945 2869 industria
960 2803 1110 2888 scriptam
1127 2803 1305 2884 inciderem,
1330 2804 1378 2869 cui
1395 2804 1422 2869 si
1437 2824 1500 2868 non

255 2916 289 2978 in
312 2911 470 2994 omnibus,
500 2915 535 2976 at
557 2915 665 2976 tamen
689 2913 721 2975 in
745 2909 902 2997 plerisque
930 2911 1185 2996 gravissimisque
1213 2911 1306 2976 rebus
1334 2912 1497 2977 assentior.

256 3018 325 3097 Qua
359 3018 397 3085 de
432 3039 527 3085 causa
560 3039 599 3083 ne
629 3022 701 3084 acta
729 3039 837 3101 agam,
873 3018 905 3083 in
927 3017 1150 3084 Demosthenis
1179 3018 1253 3083 vitis
1281 3016 1356 3103 quid
1379 3038 1436 3101 ego
1460 3017 1498 3083 de

256 3125 592 3194 Pseudo-Plutarcheis
614 3125 840 3212 Photianisque
865 3127 940 3192 vitis
963 3128 996 3191 in
1019 3128 1198 3192 universum
1222 3127 1366 3210 cogitem,
1392 3124 1499 3212 expla-

256 3235 380 3301 navisse
403 3235 482 3300 satis
505 3234 637 3300 habebo.

345 3340 396 3408 Ab
426 3363 463 3407 ea
491 3344 649 3430 opinione,
685 3363 780 3428 quam
808 3340 1061 3427 Westermann³)
1097 3344 1246 3408 acerrime
1281 3341 1436 3424 defendit,
1465 3345 1498 3407 in

255 3450 359 3535 Biogr.
389 3452 487 3537 praef.
498 3453 524 3536 ⁴)
553 3452 702 3518 sustinuit
730 3471 886 3536 quamque
909 3448 1069 3516 Arnoldus
1097 3449 1279 3535 Schaefer⁵)
1308 3455 1341 3515 et
1368 3448 1497 3535 Blass⁶)

256 3558 500 3645 adoptaverunt,
539 3558 707 3638 ,Photium
742 3558 892 3644 pleraque
926 3579 942 3622 e
976 3556 1312 3623 Pseudo-Plutarcheis
1347 3560 1422 3623 vitis
1457 3557 1498 3621 ad

330 3740 350 3810 ¹)
370 3747 401 3798 A.
417 3744 548 3808 Schaefer,
563 3743 757 3797 commentatio
772 3742 804 3794 de
818 3742 887 3794 libro
902 3743 948 3794 vit.
963 3739 1019 3794 dec.
1035 3744 1100 3793 orat.
1134 3741 1251 3794 Dresdae
1267 3729 1343 3795 1844.
1379 3743 1494 3794 Wester-

256 3851 337 3887 mann
355 3835 444 3902 Biogr.
478 3831 655 3897 icimur.

328 3920 408 3990 ¹)De
429 3923 517 3976 Photii
537 3922 628 3975 decem
648 3925 782 3975 oratorum
803 3922 873 3975 vitis.
899 3921 1057 3974 Dissertatio
1078 3921 1167 3987 inaug.
1193 3921 1279 3973 Bonn.
1310 3919 1389 3984 1877,
1409 3936 1491 3989 quem

255 4016 318 4069 Alb.
340 4015 436 4067 liertin
456 4014 591 4067 recensuit
609 4015 635 4065 in
656 4013 745 4065 Revue
764 4013 887 4080 critique.
928 4011 1005 4064 1879.
1042 4011 1091 4065 No.
1111 4011 1156 4075 45,
1175 4010 1202 4078 p.
1223 4010 1375 4065 347-350.

328 4101 350 4170 ⁸)
370 4120 416 4173 qu.
437 4107 467 4156 D.
487 4120 514 4172 p.
534 4102 650 4156 72-75.

328 4193 340 4224 ⁴
389 4234 396 4247 .
416 4195 488 4248 XVI.

328 4195 350 4315 Β)
370 4213 388 4337 l)
410 4286 426 4337 1.
448 4302 473 4353 p.
493 4282 528 4337 28
548 4284 623 4337 etin
643 4284 796 4337 recensione
817 4284 1013 4336 Westermanni
1032 4282 1253 4352 Biographcrum.
1271 4282 1299 4334 in
1319 4281 1448 4335 Zeitschr.
1476 4282 1494 4335 f.

256 4376 282 4430 d.
301 4284 502 4430 Aldertlrumsw.
542 4374 618 4428 1848.
657 4390 683 4441 p.
703 4372 856 4428 244-265.

330 4462 350 4532 ⁸)
371 4468 428 4520 Att.
454 4465 564 4519 Bereds.
600 4467 632 4518 ut
654 4466 722 4518 alios
746 4466 818 4518 locos
847 4465 983 4530 omittam,
1008 4464 1060 4528 III,
1088 4465 1114 4526 l,
1141 4480 1165 4530 p.
1191 4463 1222 4527 5,
1247 4466 1303 4516 not.
1329 4462 1360 4524 2;
1389 4463 1442 4528 111,
1472 4463 1497 4527 2,

209 4560 215 4572 “
255 4574 282 4626 p.
302 4558 345 4623 73,
365 4560 421 4611 not.
443 4557 468 4609 2.
