3442 5134
827 332 841 348 ἱ

795 360 995 428 ..4-

276 541 561 633 Amphictyonibus
589 543 774 628 gravissimo
802 543 949 610 multatis
976 544 1009 609 in
1037 565 1105 631 cap.
1139 542 1198 627 23,
1219 549 1314 621 2-3;
1351 545 1410 625 29,
1432 548 1513 607 2-4

181 648 190 661 ’
276 652 448 719 Diodorum
472 652 611 720 diversos
634 654 723 739 sequi
746 657 898 734 auctores,
923 652 1110 736 singillatim
1127 652 1341 718 demonstrare
1357 673 1419 718 non
1434 671 1512 738 opus

275 765 333 845 est,
358 761 414 827 sed
436 782 517 837 nunc
540 782 566 828 c.
585 764 715 827 23-27
741 782 797 848 per
819 781 852 827 se
877 760 1060 844 diligentius
1082 760 1291 848 perquirenda
1308 781 1345 826 ac
1360 760 1513 846 pervesti-

275 870 379 953 ganda
402 873 484 936 sunt.

365 977 470 1065 Atque
494 979 597 1065 prima
619 977 716 1044 verba
743 998 838 1063 quam
865 978 1001 1042 maxime
1026 976 1190 1042 offendunt
1212 997 1237 1042 c.
1264 978 1366 1059 23,1:
1395 975 1451 1039 ἐπὶ
1477 976 1512 1039 δὲ

275 1087 395 1150 τούτων
419 1085 474 1172 (01.
501 1088 575 1169 106,
590 1087 621 1171 2)
642 1083 660 1150 δ
681 1085 811 1170 κληθεὶς
826 1083 908 1171 ἱερὸς
923 1080 1062 1167 πόλεμος
1076 1089 1206 1170 συνέστη
1221 1084 1275 1148 καὶ
1289 1085 1444 1167 διέμεινεν
1459 1081 1512 1167 ἔτη

273 1193 382 1268 ἐννέα,
410 1214 490 1280 quae
519 1195 578 1260 viri
606 1193 690 1259 docti
717 1193 805 1259 vario
832 1192 924 1258 modo
948 1192 1105 1278 explicare
1128 1192 1324 1258 studuerunt.
1371 1189 1513 1257 Offendit

274 1321 336 1366 000
358 1301 567 1384 mediocriter,
592 1301 675 1389 quod
689 1299 859 1367 Phocicum
882 1300 1012 1383 bellum,
1037 1301 1120 1388 quod
1143 1301 1311 1389 decennale
1330 1301 1425 1367 fuisse
1441 1321 1512 1366 cum

241 1486 242 1491 ἵ
273 1430 291 1476 e
319 1409 448 1497 reliquis
476 1418 618 1477 ueterum
645 1412 836 1501 testimoniis
863 1414 932 1476 tum
960 1431 977 1476 e
1001 1409 1132 1476 Diodori
1159 1412 1256 1497 ipsius
1283 1409 1387 1477 verbis
1415 1430 1442 1475 c.
1468 1411 1509 1475 59

274 1518 344 1601 (ἐπὶ
366 1519 401 1581 δὲ
425 1519 543 1583 τούτων
558 1502 622 1605 (Ol.
649 1521 724 1601 108,
741 1520 773 1604 3)
796 1516 814 1584 δ
833 1520 974 1592 Φωκικὸς
996 1518 1148 1601 πόλεμος,
1170 1519 1334 1601 διαμείνας
1357 1517 1409 1602 ἔτη
1425 1517 1512 1594 δέκα,

273 1626 436 1711 κατελύθη
460 1626 551 1689 τόνδε
575 1627 629 1690 τὸν
653 1627 789 1713 τρόπον)
813 1627 893 1693 satis
916 1625 1031 1712 liquot,
1055 1646 1169 1693 novem
1192 1645 1290 1692 annos
1313 1622 1441 1692 durasse
1465 1624 1512 1691 di-

273 1738 356 1798 serte
372 1733 558 1816 affirmatur,
583 1755 677 1821 quam
694 1732 914 1800 difficultatem
930 1734 970 1800 A.
987 1733 1136 1800 Schaefer
1146 1736 1170 1820 ¹)
1187 1735 1235 1800 ita
1249 1733 1363 1800 tollere
1380 1737 1510 1799 conatus

274 1844 332 1923 est,
356 1844 393 1906 ut
415 1840 526 1927 plenos
548 1846 674 1907 tantum
697 1861 794 1908 annos
818 1841 991 1907 aDiodorc
1015 1841 1067 1908 vel
1090 1843 1157 1907 eins
1180 1847 1305 1908 auctore
1329 1845 1510 1907 numeratos

273 1969 342 2016 esse
365 1953 528 2015 statueret.
569 1948 654 2028 Quae
678 1950 846 2036 explicatio
871 1950 1014 2015 omnibus
1037 1948 1167 2036 placuit,
1192 1953 1319 2036 praeter
1339 1947 1511 2032 Haalxium,

273 2059 326 2145 qui
334 2060 361 2143 ²)
385 2057 556 2124 coniciendi
580 2058 690 2124 ardore
714 2079 750 2123 eo
774 2057 885 2123 ductus
909 2062 968 2139 est,
993 2061 1028 2122 ut
1043 2056 1225 2140 Diodorum,
1250 2077 1320 2123 cum
1340 2056 1381 2122 01.
1402 2059 1513 2138 1054

272 2171 306 2231 et
335 2168 442 2248 106‚1
477 2187 574 2232 annos
602 2166 716 2234 Siculis
750 2167 843 2233 rebus
879 2166 1051 2253 explesset,
1087 2187 1212 2233 sacrum
1245 2166 1365 2232 bellum
1399 2186 1513 2232 novem

272 2294 423 2340 annorum
447 2275 542 2341 fuisse
565 2275 622 2341 illo
645 2274 714 2341 loco
738 2277 906 2345 mentitum
930 2295 998 2341 esse
1019 2275 1080 2340 sibi
1095 2275 1308 2362 persuaderet,
1333 2296 1429 2361 quam
1445 2274 1512 2359 opi·
1609 2262 1612 2273 ’

271 2383 396 2448 nionem
425 2385 601 2449 accuratius
628 2382 772 2449 refellere
801 2382 997 2470 supersedeo.
1045 2382 1094 2448 Ne
1122 2403 1179 2465 ego
1206 2403 1330 2469 quoque
1353 2381 1513 2448 Schaeseri

272 2490 475 2577 explicationi
498 2493 642 2577 quamvis
665 2491 823 2578 probabili
846 2493 1011 2573 assentiar,
1036 2491 1107 2577 ipsa
1121 2490 1252 2557 Diodori
1269 2491 1366 2557 uerba
1381 2490 1511 2571 faciunt,

271 2619 351 2683 quae
375 2597 642 2684 simplicissimam
665 2599 957 2686 interpretationem
980 2597 1192 2684 suppeditant.
1241 2596 1354 2663 Verbis
1386 2593 1511 2665 onimd

271 2704 352 2793 ἱερὸς
374 2707 516 2790 πόλεμος
538 2711 668 2793 συνέστη
690 2710 743 2772 καὶ
766 2708 921 2791 διέμεινεν
943 2706 996 2793 ἔτη
1018 2707 1111 2771 ἐννέα
1137 2706 1217 2771 nihil
1245 2705 1332 2772 aliud
1355 2694 1511 2774 Diodorus

271 2814 446 2897 significare
469 2815 547 2901 mibi
570 2816 709 2899 uidetur,
734 2838 829 2903 quam
853 2836 935 2882 anno
959 2815 1000 2881 01.
1028 2817 1137 2897 1002
1160 2835 1284 2881 sacrum
1304 2815 1424 2881 bellum
1440 2835 1512 2882 con-

270 2921 392 3003 flatum,
416 2926 520 3009 ipsum
544 2928 649 2989 autem
672 2943 864 3010 pernoram
888 2943 986 2989 annos
1010 2924 1106 2988 armis
1127 2926 1252 3005 gestum
1268 2944 1345 2989 esse.
1385 2922 1512 2989 Bellum

270 3050 393 3096 sacrum
420 3052 488 3098 esse
516 3052 579 3097 non
606 3035 746 3118 poterat,
782 3033 842 3097 nisi
871 3031 911 3096 ab
939 3030 1226 3116 Amphictyonibus
1255 3031 1408 3098 indictum
1430 3034 1510 3112 erat,

270 3159 332 3224 qua
355 3137 393 3204 de
416 3159 450 3204 re
474 3142 506 3205 in
530 3140 591 3206 fine
615 3160 640 3206 0.
667 3143 708 3204 27
734 3139 838 3206 verbis
861 3159 956 3224 supra
980 3138 1086 3204 citatis
1109 3139 1283 3224 exponitur.
1324 3136 1406 3216 Quid
1427 3141 1512 3204 enirn

270 3243 357 3310 aliud
380 3247 477 3313 verba
499 3248 578 3313 haec
600 3247 661 3313 sibi
685 3246 795 3328 velint,
820 3247 882 3312 nisi
909 3244 1025 3311 bellum
1041 3246 1082 3310 ab
1097 3245 1386 3332 Amphictyonibus
1402 3252 1512 3313 contra

269 3352 438 3437 sacrilegos
467 3355 640 3437 decretum,
670 3375 732 3421 non
759 3353 896 3440 videm).
944 3354 1051 3440 Atque
1079 3355 1127 3421 ita
1149 3354 1279 3421 Diodori
1307 3360 1416 3421 auctor
1443 3377 1511 3422 rem
1608 3418 1612 3428 ,

269 3462 449 3546 exposuisse
473 3462 606 3544 uidetur,
632 3466 669 3528 ut
692 3483 773 3528 anno
797 3463 861 3527 355
887 3461 1000 3548 templi
1023 3464 1260 3548 occupationem
1284 3466 1317 3528 et
1338 3484 1389 3529 res
1413 3485 1510 3550 usque

200 3623 203 3629 .
269 3567 309 3633 ad
324 3567 594 3655 Amphictyonum
617 3570 783 3637 concilium
807 3574 913 3653 gestas
936 3569 1038 3652 daret,
1062 3569 1182 3635 bellum
1205 3574 1311 3635 autern
1335 3573 1438 3657 ipsum
1454 3592 1510 3658 per

267 3695 380 3742 novem
396 3677 621 3763 subsequentes
638 3698 735 3745 annos
751 3683 921 3764 exponeret
937 3680 1049 3764 (usque
1066 3677 1107 3743 ad
1123 3677 1163 3743 ol.
1184 3676 1259 3760 108,
1274 3679 1316 3764 3).
1352 3678 1508 3745 Diodorus

267 3782 347 3848 nihil
370 3784 408 3849 de
433 3784 517 3851 bello
541 3806 631 3853 sacro
654 3784 723 3873 ipso
747 3782 804 3851 sub
829 3805 857 3850 a.
876 3786 941 3850 355
966 3782 1129 3850 narratum
1149 3785 1182 3850 in
1202 3788 1290 3850 tonte
1306 3806 1361 3851 suo
1378 3786 1509 3870 invenit,
1533 3824 1538 3835 -

268 3890 300 3955 id
324 3892 407 3976 quod
429 3894 497 3979 ipse
520 3887 1006 3979 1000001100101010010100(27,
1024 3893 1071 3977 ox)
1090 3896 1193 3956 ταῦτα
1207 3893 1267 3975 μὲν
1282 3891 1341 3958 οὖν
1356 3894 1510 3981 ἐπράχθη

267 4001 349 4062 κατὰ
374 4005 486 4066 τοῦτον
509 4003 565 4067 τὸν
588 4003 746 4077 ἐνιαυτὸν,
771 4001 946 4088 quibusea
968 4020 1049 4086 quae
1072 4002 1106 4064 in
1128 4000 1219 4065 initio
1243 4019 1269 4066 o.
1296 4003 1337 4066 23
1362 4001 1510 4085 leguntur

268 4107 385 4192 optime
401 4107 604 4194 respondent:
632 4108 812 4194 Φιλόμηλος
828 4110 889 4195 γὰρ
906 4106 923 4173 ὃ
943 4108 1081 4182 Φωκεὺς,
1096 4107 1177 4194 ἀνὴρ
1194 4108 1312 4192 θράσει
1328 4109 1382 4174 καὶ
1396 4134 1509 4197 παρα-

340 4557 350 4589 ³
383 4561 473 4616 Aliter
492 4563 523 4616 A.
544 4560 675 4616 Sohaefer.
714 4564 735 4629 1,
754 4561 816 4617 450.
