3442 5134
793 331 843 415 .“
884 366 925 433 13
973 406 1014 416 ..

283 545 321 611 (15
345 545 483 612 lontibus
503 544 634 612 Diodori
657 549 777 613 certam
800 546 958 633 quandam
981 549 1172 614 sententiam
1194 568 1257 614 non
1281 538 1437 635 pmlessus
1461 552 1520 631 est,

282 658 390 721 tamen
414 661 554 722 extremo
577 655 636 722 hoc
659 655 728 723 loco
752 677 997 724 commemorare
1020 678 1082 724 non
1106 660 1229 740 omitto,
1254 656 1423 745 quodiam
1447 661 1521 724 ante

281 761 435 830 Packium
463 763 582 830 Haakii
615 764 778 831 levissima
811 768 988 833 coniectura
1021 767 1160 832 refutata
1194 768 1226 831 in
1254 765 1386 832 Diodori
1420 786 1446 832 c.
1478 768 1521 831 64

191 924 194 933 .
281 871 464 958 Damophili
488 874 622 957 vestigia
646 874 809 956 agnovisse
833 874 894 939 sibi
917 875 1002 940 uisus
1025 880 1083 940 est.
1131 873 1199 956 Has
1222 874 1320 956 igitur
1346 874 1521 938 sententias

282 979 422 1062 singulas
437 981 593 1066 inquirere
609 1001 690 1047 nunc
713 981 791 1046 mihi
814 983 1010 1068 propositum
1034 985 1084 1048 est
1106 985 1202 1068 atque
1224 981 1348 1048 silicet
1376 979 1521 1047 aPackii

282 1086 588 1154 dissertationenon
611 1089 678 1155 sine
702 1090 843 1156 acumine
867 1091 985 1176 scripta
1008 1089 1174 1155 ordiamur.

372 1195 420 1262 De
437 1195 627 1283 Demophilo
644 1196 800 1263 Diodorus
822 1199 856 1264 in
879 1217 904 1264 c.
925 1201 1011 1279 14,3
1035 1219 1051 1262 5
1075 1200 1162 1263 fonte
1185 1197 1252 1279 illo,
1277 1198 1326 1263 cui
1341 1217 1403 1263 non
1419 1197 1520 1264 solum
1571 1184 1575 1195 Χ

282 1305 466 1371 archontum
490 1304 772 1391 olympiouioarum
792 1327 901 1389 regum
916 1306 1045 1371 nomina
1060 1310 1093 1371 et
1108 1304 1211 1371 multa
1225 1325 1320 1392 quam
1337 1305 1520 1372 brevissime

282 1413 468 1479 adumbrata
491 1414 576 1480 iacta
600 1414 655 1479 sed
679 1415 775 1479 etiam
799 1415 905 1480 omnia
927 1413 966 1479 de
989 1413 1165 1480 illustribus
1183 1415 1261 1480 viris
1277 1436 1297 1478 a
1312 1413 1450 1480 Diodoro
1466 1413 1521 1479 ad-

280 1525 391 1586 notata
407 1521 514 1588 deberi
529 1519 766 1609 Volquardseno
777 1523 801 1607 ¹)
818 1524 944 1588 auctore
961 1521 1214 1606 Bornemanno'2)
1238 1520 1437 1607 exploratum
1459 1527 1519 1603 est,

280 1627 431 1693 nonnulla
443 1650 523 1715 quae
535 1631 674 1695 maxima
686 1651 760 1696 cura
771 1630 980 1716 respiciantur
992 1628 1087 1713 digna
1097 1629 1187 1695 nobis
1199 1627 1332 1694 tradidit
1347 1648 1428 1715 quae
1443 1630 1520 1714 quin

280 1736 322 1801 ad
344 1741 504 1803 auctorem
524 1737 690 1823 quendam,
715 1739 769 1824 qui
785 1758 892 1803 eorum
909 1737 947 1803 de
963 1737 1076 1822 quibus
1092 1736 1203 1802 attulit
1217 1738 1404 1822 scriptorum
1419 1735 1519 1802 libros

280 1842 533 1930 πινακογράφων
544 1845 636 1911 modo
649 1847 716 1931 ipse
728 1845 875 1931 inspexit,
889 1843 1051 1911 referenda
1063 1845 1127 1910 sint
1139 1843 1276 1909 dubitari
1287 1846 1397 1930 nequit
1404 1845 1440 1929 ³).
1458 1842 1519 1909 At-

279 1971 339 2036 que
363 1953 500 2037 primum
523 1953 649 2039 quidem
669 1951 860 2039 Demophilo
884 1958 1010 2019 auctore
1031 1951 1219 2037 Delphicum
1243 1951 1398 2037 templum
1420 1974 1448 2016 a.
1467 1951 1516 2017 Ol.

205 2082 207 2087 ·
282 2060 355 2140 105,
368 2066 387 2121 4
398 2082 419 2124 a
429 2058 607 2126 Philomelo
620 2065 806 2146 occupatum
818 2064 851 2125 51
863 2056 1035 2147 spoliatum
1047 2079 1125 2140 esse,
1139 2058 1250 2125 deinde
1263 2058 1383 2124 bellum
1395 2079 1519 2125 sacrum

279 2187 375 2252 usque
389 2166 430 2232 ad
441 2169 603 2234 interitum
616 2168 838 2252 sacrilegorum
850 2189 908 2255 per
918 2167 1062 2233 undecim
1075 2188 1172 2232 annos
1188 2167 1376 2252 pertinuisse
1392 2167 1519 2232 disertis

279 2273 432 2340 docemur.
469 2274 568 2353 Quem
581 2276 771 2359 singularem
788 2297 951 2342 numerum
967 2297 987 2340 a
1001 2274 1192 2361 reliquorum
1207 2275 1398 2340 testimoniis
1414 2274 1518 2340 verbis

278 2380 371 2447 valde
395 2382 534 2448 alienum
557 2405 607 2449 vv.
633 2383 684 2449 dd.
703 2385 789 2449 varie
805 2382 1052 2469 explicaverunt,
1077 2380 1132 2447 sed
1147 2402 1247 2468 neque
1264 2379 1303 2447 A.
1321 2381 1517 2468 8515515114)

277 2510 377 2575 neque
393 2488 504 2556 Paclxii
527 2490 753 2577 explicationes
775 2490 877 2556 ullam
900 2490 1135 2577 probabilitatis
1155 2491 1290 2577 speeiem
1306 2489 1424 2556 habere
1438 2491 1518 2556 mihi

277 2596 431 2663 videntur.
491 2596 596 2663 Verba
630 2601 713 2664 enim
748 2598 879 2664 Diodori
901 2598 1012 2664 ‘aliam
1046 2599 1339 2684 interpretationem
1379 2603 1518 2664 statuere

278 2706 402 2770 omnino
426 2726 482 2772 nos
506 2709 626 2789 vetant,
650 2728 746 2794 quam
762 2728 790 2771 a.
809 2705 857 2773 Ol.
878 2707 952 2787 105,
965 2713 984 2768 4
999 2704 1188 2791 Delphicum
1204 2705 1358 2793 templum
1375 2728 1395 2771 a
1409 2704 1518 2771 Philo-

277 2811 360 2878 melo
377 2817 563 2900 occupatum
579 2836 657 2896 esse,
681 2814 919 2900 quodomnium
936 2812 1088 2880 eiusmodi
1111 2814 1304 2895 notitiarum,
1329 2835 1410 2899 quae
1433 2813 1517 2900 apud

276 2919 449 2987 Diodorum
474 2926 593 3004 extant,
618 2922 782 2989 simillima
801 2922 904 2988 forma
924 2923 1122 3009 apertissime
1139 2922 1279 3008 docet⁵):
1308 2922 1517 3008 Demophilus

276 3029 360 3095 baud
380 3030 473 3096 dubie
495 3031 614 3097 bellum
630 3052 687 3118 per
702 3030 846 3097 undecim
862 3029 1079 3116 olympiadum
1095 3051 1193 3095 annos
1208 3032 1350 3095 narravit
1366 3032 1514 3104 35116-

276 3140 389 3214 alufo.
430 3137 539 3205 Aliam
563 3140 717 3204 rationem
733 3137 889 3205 Diodorus
912 3138 980 3224 ipse
1004 3138 1155 3223 sequitur,
1180 3138 1289 3223 quiin
1313 3157 1338 3202 c.
1358 3138 1444 3219 59,1
1470 3140 1513 3224 (.

276 3245 324 3311 01.
353 3250 426 3327 108,
441 3248 472 3332 3)
496 3247 615 3313 bollum
639 3246 760 3313 decimo
786 3266 868 3312 anno
892 3246 1014 3311 finitum
1038 3265 1106 3311 esse
1133 3250 1283 3326 testatur,
1313 3244 1410 3310 aliam
1433 3243 1516 3309 Pau·

275 3355 380 3421 sanias
403 3353 447 3436 X,
474 3357 509 3436 2,
535 3357 570 3435 3,
595 3356 649 3441 qui
671 3354 792 3420 decimo
816 3359 889 3440 post
911 3354 1024 3440 templi
1048 3355 1298 3441 occupationem,
1326 3373 1421 3440 quam
1444 3374 1515 3419 cum

275 3462 465 3548 Demophilo
481 3485 510 3528 a.
529 3465 631 3540 357s6
648 3463 769 3545 tribuit,
786 3484 868 3529 anno
884 3452 1058 3549 Theophilo
1075 3463 1224 3529 archonte
1241 3460 1515 3548 (108,1)bellum

275 3572 482 3657 compositum
505 3576 573 3636 esse
597 3571 712 3637 diserte
735 3569 863 3637 indicat.
905 3571 1027 3638 Deinde
1051 3571 1217 3637 artificium
1234 3569 1323 3651 illud,
1348 3589 1409 3655 quo
1425 3566 1514 3634 Pack

274 3698 290 3741 e
315 3675 445 3743 Diodori
469 3678 572 3744 verbis
597 3682 637 3765 (o.
664 3681 706 3744 64
730 3681 783 3765 ex)
807 3679 950 3745 undecim
974 3679 1048 3746 illos
1071 3699 1169 3744 annos
1193 3676 1356 3743 enucleare
1384 3679 1513 3742 conatus

274 3787 331 3865 est,
357 3786 441 3850 omni
465 3785 692 3871 probabilitate
713 3791 807 3851 caret.
849 3785 925 3864 Quis
945 3788 1029 3852 enim
1045 3807 1062 3851 e
1079 3785 1183 3852 verbis
1199 3805 1294 3870 supra
1308 3785 1373 3849 iam
1389 3784 1511 3849 citatis:

272 3890 359 3976 ἡμεῖς
387 3892 422 3956 dd
448 3892 625 3979 ἀρκούντως
652 3888 881 3979 clausaretur
910 3896 964 3958 τὸν
992 3893 1077 3980 ἱερὸν
1099 3890 1240 3976 πόλεμον
1262 3893 1318 3955 κτλ
1341 3912 1358 3956 5
1382 3889 1513 3956 Diodori

272 4049 486 4058 ——-·-—--—-——·

346 4127 366 4195 ¹)
385 4148 411 4198 p.
433 4129 530 4185 5-13,

344 4218 365 4286 ²)
385 4224 404 4274 1.
426 4224 444 4273 1.
464 4238 490 4288 p.
511 4221 553 4275 28.

343 4308 365 4375 ⁸)
384 4310 572 4380 Volquardsen
597 4326 671 4376 eam,
694 4326 777 4380 quam
801 4310 833 4364 de
854 4311 1018 4378 Apollodoro
1044 4309 1164 4363 chronici
1189 4309 1264 4361 illius
1289 4309 1418 4375 scriptore
1445 4309 1510 4362 olim

269 4403 420 4470 protulerat
439 4401 601 4465 sententiam
615 4401 714 4454 Dielsio
735 4401 795 4464 (Rh.
810 4402 876 4454 Mus.
890 4401 980 4454 XXXI
998 4417 1024 4467 p.
1045 4397 1091 4464 31)
1110 4402 1137 4453 et
1150 4400 1336 4453 Bornemanno
1351 4398 1509 4452 auctoribus

269 4493 326 4560 ipse
345 4492 445 4547 abiecit
463 4489 596 4556 (Jahresb.
616 4490 681 4544 XIX
699 4506 726 4559 p.
748 4489 797 4543 121
818 4488 879 4560 sq.).
927 4510 933 4522 ⁸

341 4580 363 4647 ⁴)
383 4583 395 4634 1
414 4599 439 4650 p.
460 4582 522 4635 451.

341 4670 364 4739 ⁸)
384 4671 581 4742 Volquardsen,
602 4672 761 4728 Untersuolr.
781 4688 807 4741 p.
828 4671 854 4725 8.
