3442 5134
724 435 765 448 .-
814 348 945 465 35‘...

212 578 374 650 tarcheum
405 580 564 665 integrum
594 576 699 645 locum
725 579 852 644 omnino
876 562 1032 644 Demetrii
1054 577 1201 646 Phalerei
1228 598 1342 645 nomen
1367 575 1454 645 exhi-

213 691 318 779 buisse
340 689 421 755 mihi
443 710 505 755 non
528 691 653 755 constat
676 687 863 774 praesertim
887 707 967 769 cum,
992 687 1019 752 si
1035 688 1105 773 quis
1119 685 1227 752 Photii
1242 685 1455 753 Pseudo-Plu-

212 798 344 865 tarchea
377 798 475 864 verba
508 798 626 884 partim
655 796 778 861 brevius
806 796 924 880 partim
955 794 1080 860 uberius
1111 794 1270 861 reddentis
1300 797 1455 860 rationem

214 906 417 988 intellexerit,
444 905 592 971 Photium
616 904 654 970 de
678 901 834 969 Eubulide
857 901 940 988 quod
963 900 1097 988 protulit
1120 902 1267 968 iudicium
1290 903 1394 988 ipsum
1417 902 1455 967 de

215 1035 270 1082 suo
294 1015 395 1081 obiter
418 1012 562 1079 intulisse
578 1014 632 1078 rix
648 1013 692 1077 sit
705 1012 845 1077 futurum
860 1014 897 1074 ut
912 1009 1080 1076 Schaefero
1096 1011 1256 1077 concedat.
1294 1011 1456 1077 Interdum

214 1121 526 1189 Pseudo-Plutarchi
559 1120 675 1187 rerba'
691 1119 775 1206 apud
802 1117 951 1184 Photium
987 1120 1180 1208 corruptelas
1217 1123 1347 1206 experta
1374 1124 1457 1203 sunt,

214 1230 303 1297 velut
324 1230 417 1297 Phot.
443 1232 508 1297 492
529 1234 546 1288 b
564 1231 605 1294 27
631 1229 699 1294 ὅδὲ
714 1226 1016 1302 Ἰσαῖος-Μάτωνα
1037 1229 1093 1292 τὸυ
1108 1227 1289 1312 φιλόσοφον
1313 1226 1456 1315 (PsPlut.

216 1343 292 1422 281,
310 1343 423 1426 6-8),
449 1342 515 1405 494
535 1359 551 1395 ο
570 1342 610 1404 19
635 1338 838 1425 Δημοτελοῦς
859 1339 892 1401 et
907 1356 936 1402 v.
956 1338 996 1401 21
1015 1332 1169 1400 Διοδότου
1184 1357 1241 1422 pro
1257 1337 1460 1421 Δημομέλους

217 1446 360 1536 (PsPlut.
383 1469 412 1515 r.
438 1449 517 1533 106)
540 1450 573 1513 et
592 1446 737 1510 Διώνδου
758 1447 803 1531 (r.
822 1446 913 1529 109).
954 1442 1072 1509 Contra
1086 1448 1119 1510 et
1135 1443 1342 1510 PsPlutarchi
1366 1446 1458 1530 (286,

219 1557 298 1642 126)
322 1560 356 1622 et
377 1553 486 1626 Photii
510 1557 592 1641 (494
612 1574 628 1610 a
652 1553 710 1638 38>
733 1551 809 1618 libri
831 1552 1009 1639 Προκλέους
1032 1548 1189 1618 exhibent.
1453 1576 1455 1581 ’

308 1662 406 1744 Haec,
429 1661 555 1727 utalia
577 1660 681 1727 multa
703 1661 864 1742 omittam,
894 1660 1049 1746 imprimis
1072 1658 1212 1726 notanda
1235 1660 1273 1726 de
1297 1661 1461 1727 verborum

219 1774 358 1858 ipsorum
381 1770 518 1851 ratione,
546 1770 729 1855 priusquam
754 1767 794 1833 ad
821 1767 1079 1854 compositionem
1107 1766 1461 1834 Pseudo-Plutarcheae

220 1879 306 1944 ritae
330 1876 547 1943 excutiendam
571 1896 621 1941 me
645 1878 778 1957 vertam,
803 1874 1036 1962 praemittenda
1059 1876 1173 1941 censui.
1215 1875 1315 1953 Quam
1336 1876 1377 1942 ad
1393 1897 1463 1963 per-

220 1979 412 2072 spiciendam
428 1984 686 2070 compositionem
702 2004 722 2048 a
737 1982 842 2049 verbis
859 1986 935 2066 288,
958 1984 1023 2047 202
1039 1984 1286 2069 proficiscamm:
1312 1989 1464 2070 φέρονται

220 2093 252 2158 d'
266 2095 366 2157 αυτοῦ
388 2091 476 2170 λόγοι
499 2092 621 2178 γνήσιοι
644 2094 679 2168 ξέ
701 2112 792 2177 quae,
816 2110 1008 2177 quamquam
1031 2092 1143 2156 turbae
1164 2093 1321 2157 variarum
1337 2091 1379 2158 ad
1395 2114 1464 2158 ora-

221 2204 324 2267 torem
351 2200 576 2287 pertinentium
604 2220 709 2265 rerum
736 2200 964 2285 incompositae
986 2200 1110 2265 intexta
1132 2203 1220 2282 sunt,
1250 2200 1290 2266 ad
1313 2202 1465 2285 originem

222 2311 310 2376 vitae
344 2304 592 2392 intellegendam
626 2308 734 2390 magni
761 2308 913 2372 momenti
942 2327 1010 2372 essa
1037 2307 1116 2372 mihi
1144 2307 1298 2374 videntur.
1345 2307 1467 2375 Auctor

222 2418 306 2483 onim
344 2414 646 2482 PsPlutarcbearum
686 2416 824 2481 vitarum
866 2416 1024 2480 constanti
1062 2415 1127 2480 fere
1166 2437 1224 2481 usu
1261 2420 1356 2503 atque
1396 2438 1467 2483 oum

222 2523 337 2591 Photio
364 2525 430 2589 fere
458 2524 679 2604 conuenienter
706 2520 839 2605 singulis
868 2524 1016 2609 cuiusque
1046 2524 1178 2590 oratoris
1206 2524 1299 2590 rebus
1322 2527 1467 2591 continue

223 2633 378 2700 enarratis
411 2633 445 2696 et
478 2629 530 2697 rel
552 2635 655 2697 morte
682 2629 735 2696 vel
762 2631 926 2716 sepultura
952 2630 1005 2697 rel
1032 2631 1200 2698 honoribus
1224 2633 1389 2719 descriptis
1412 2655 1468 2698 nu-

224 2760 344 2805 merum
368 2740 543 2804 orationum
567 2741 650 2804 etsi
676 2759 756 2825 quae
784 2737 849 2803 alia
877 2741 996 2824 scripta
1016 2744 1089 2805 sunt
1112 2740 1250 2806 breviter
1281 2741 1467 2825 significare,

225 2847 415 2934 aliquotiens
450 2847 547 2912 ctiam
582 2846 621 2912 de
656 2867 768 2930 genere
803 2846 928 2913 dicendi
963 2846 1095 2933 aliisque
1130 2847 1303 2915 rhetoricas
1331 2850 1469 2915 rationes

225 2953 441 3042 spectantibus
463 2953 616 3021 nonnulla
639 2937 820 3042 expromere
844 2954 936 3037 solet,
961 2976 1042 3042 quae
1063 2957 1096 3021 in
1111 2954 1218 3022 Photii
1234 2959 1371 3023 vitarum
1386 2957 1470 3042 prio

224 3063 312 3129 ribus
340 3061 482 3149 partibus
510 3081 579 3128 eum
609 3061 682 3128 aliis
709 3062 871 3129 rhetorum
899 3063 1026 3150 placitis
1055 3067 1219 3132 coniuncta
1242 3069 1356 3132 iterum
1379 3067 1470 3132 nobis

227 3174 400 3237 occurrunt.
447 3169 554 3256 Atque
576 3171 623 3236 sic
646 3171 757 3251 sentio,
786 3191 894 3238 omnes
918 3172 1002 3256 illas,
1027 3195 1105 3260 quas
1128 3173 1222 3239 modo
1245 3172 1391 3255 indicari,
1415 3193 1470 3238 no-

226 3280 317 3344 titias
340 3297 402 3343 non
425 3297 549 3364 semper
573 3299 644 3344 eum
667 3300 760 3365 quem
775 3301 857 3347 nunc
873 3281 906 3346 in
921 3278 1257 3348 Pseudo-Plutarcheis
1273 3282 1347 3346 vitis
1362 3285 1472 3347 tenent

226 3385 332 3452 locum
359 3384 521 3467 habuisse,
550 3385 607 3451 sed
634 3387 809 3479 apristino
838 3379 1036 3475 proprioque
1055 3388 1124 3455 loco
1153 3389 1192 3454 ab
1216 3408 1277 3454 uno
1301 3388 1471 3475 eodemque

229 3495 382 3580 scriptore
404 3498 508 3559 motas
532 3494 564 3559 in
588 3493 648 3560 fine
671 3494 866 3577 singularum
890 3497 1027 3561 vitamm
1050 3498 1140 3583 quasi
1156 3494 1312 3563 clausulas
1328 3500 1472 3583 transpo-

229 3601 309 3669 sitas
332 3623 400 3668 esse
411 3603 445 3688 ¹).
484 3597 615 3667 Videtur
637 3602 721 3667 enim
737 3621 849 3690 eorpus
865 3604 1003 3669 vitarum
1020 3603 1127 3670 decem
1144 3608 1302 3670 oratorum
1319 3605 1472 3687 extitisse,

230 3731 311 3797 quae
339 3710 482 3793 singulae
509 3711 647 3796 primum
670 3714 831 3775 oratorum
855 3712 975 3797 scripta
997 3713 1237 3794 enumerabant,
1265 3711 1380 3778 iudicia
1403 3712 1474 3778 rhe-

230 3821 331 3884 torica
365 3816 589 3900 annectebant,
625 3816 737 3883 deinde
764 3823 944 3906 temporum
972 3818 1079 3885 ordine
1107 3839 1271 3905 rerumque
1299 3820 1379 3885 serie
1406 3818 1474 3906 ple-

230 3947 362 4013 mmque
389 3929 542 4012 quantum
570 3926 639 3992 fieri
667 3930 794 4012 poterat
817 3927 987 4011 diligenter
1009 3928 1183 3994 observatis
1207 3929 1291 3993 vitas
1315 3932 1474 3993 oratorum

232 4036 431 4101 enarrabant.
483 4035 530 4100 Ex
558 4035 617 4103 hoc
652 4036 826 4123 archetypo
862 4040 918 4124 (ut
945 4037 1004 4103 hoc
1031 4035 1246 4122 appellatione
1274 4039 1366 4122 utar)
1395 4036 1475 4102 duae

230 4143 372 4210 familiae
395 4148 614 4227 manaverunt,
631 4165 771 4230 quarum
794 4147 899 4231 priore
922 4143 997 4211 ordo
1010 4143 1074 4209 ⁴ille
1089 4144 1199 4210 multis
1215 4145 1342 4210 insertis
1358 4145 1475 4231 partim

308 4413 327 4484 ¹)
348 4415 577 4471 Burckhsrdtinm
596 4429 704 4484 quoque
722 4416 750 4468 in
771 4417 891 4470 numeris
911 4416 1063 4469 orationum
1081 4415 1136 4470 fere
1155 4418 1258 4485 ubique
1277 4416 1369 4470 eodem
1395 4416 1473 4470 modo

233 4509 364 4576 expressis
383 4507 500 4561 haesisse
518 4521 591 4559 nunc
609 4505 685 4559 video
700 4502 820 4571 (Caecilii
834 4506 902 4559 rhet.
918 4507 948 4560 fr.
963 4506 1024 4558 coll.
1039 4506 1107 4575 disp.
1122 4522 1216 4561 comm.
1249 4507 1369 4562 Basileae
1387 4506 1470 4573 1863,

232 4613 260 4667 p.
280 4596 335 4662 50).

1223 4701 1259 4756 a·
